product_id,product_name,category,subcategory,region,quarter,year,sales,units_sold,profit,profit_margin,return_rate,avg_rating,review_count
PRD_1,iPhone Pro,Electronics,Smartphones,North,Q1 2023,2023,46037.49,27,5370.44,11.67,1.89,4.8,1507
PRD_2,iPhone Pro,Electronics,Smartphones,North,Q2 2023,2023,72120.74,14,5992.8,8.31,3.57,3.7,740
PRD_3,iPhone Pro,Electronics,Smartphones,North,Q3 2023,2023,81146.58,29,11465.24,14.13,2.4,4.1,1622
PRD_4,iPhone Pro,Electronics,Smartphones,North,Q4 2023,2023,65836.31,41,8350.24,12.68,2.84,3.7,1505
PRD_5,iPhone Pro,Electronics,Smartphones,North,Q1 2024,2024,54106.16,15,4455.62,8.23,3.99,4.5,1634
PRD_6,iPhone Pro,Electronics,Smartphones,North,Q2 2024,2024,90922.9,23,8290.21,9.12,2.77,4.6,1161
PRD_7,iPhone Pro,Electronics,Smartphones,North,Q3 2024,2024,51868.73,29,6069.49,11.7,2.03,4.8,988
PRD_8,iPhone Pro,Electronics,Smartphones,North,Q4 2024,2024,120801.06,37,11631.98,9.63,1.41,3.6,930
PRD_9,iPhone Pro,Electronics,Smartphones,South,Q1 2023,2023,60974.44,12,8919.82,14.63,1.95,4.0,1361
PRD_10,iPhone Pro,Electronics,Smartphones,South,Q2 2023,2023,81988.82,32,10807.54,13.18,2.32,3.6,980
PRD_11,iPhone Pro,Electronics,Smartphones,South,Q3 2023,2023,87675.3,21,9885.2,11.27,3.19,4.6,1487
PRD_12,iPhone Pro,Electronics,Smartphones,South,Q4 2023,2023,93922.13,39,9681.89,10.31,2.93,4.3,1051
PRD_13,iPhone Pro,Electronics,Smartphones,South,Q1 2024,2024,65486.06,36,5362.13,8.19,2.99,4.5,1604
PRD_14,iPhone Pro,Electronics,Smartphones,South,Q2 2024,2024,56167.51,97,5027.94,8.95,1.27,4.3,727
PRD_15,iPhone Pro,Electronics,Smartphones,South,Q3 2024,2024,54995.85,13,6367.08,11.58,3.62,4.8,497
PRD_16,iPhone Pro,Electronics,Smartphones,South,Q4 2024,2024,102232.6,35,9385.47,9.18,3.31,4.1,148
PRD_17,iPhone Pro,Electronics,Smartphones,East,Q1 2023,2023,45115.01,25,5662.48,12.55,3.46,4.0,1533
PRD_18,iPhone Pro,Electronics,Smartphones,East,Q2 2023,2023,53368.08,15,7243.76,13.57,2.13,4.1,573
PRD_19,iPhone Pro,Electronics,Smartphones,East,Q3 2023,2023,40048.71,11,5589.77,13.96,3.88,4.8,438
PRD_20,iPhone Pro,Electronics,Smartphones,East,Q4 2023,2023,47077.31,43,4298.24,9.13,1.58,4.6,1745
PRD_21,iPhone Pro,Electronics,Smartphones,East,Q1 2024,2024,35677.58,25,3316.67,9.3,2.48,3.7,1652
PRD_22,iPhone Pro,Electronics,Smartphones,East,Q2 2024,2024,34419.37,18,3448.79,10.02,2.93,3.5,777
PRD_23,iPhone Pro,Electronics,Smartphones,East,Q3 2024,2024,39774.19,22,4276.73,10.75,3.79,4.6,1073
PRD_24,iPhone Pro,Electronics,Smartphones,East,Q4 2024,2024,85694.97,18,10481.15,12.23,1.4,3.6,364
PRD_25,iPhone Pro,Electronics,Smartphones,West,Q1 2023,2023,72222.38,41,7002.84,9.7,1.79,4.1,1448
PRD_26,iPhone Pro,Electronics,Smartphones,West,Q2 2023,2023,51964.8,11,6093.7,11.73,3.11,3.9,1737
PRD_27,iPhone Pro,Electronics,Smartphones,West,Q3 2023,2023,72435.05,32,9875.8,13.63,2.91,4.6,739
PRD_28,iPhone Pro,Electronics,Smartphones,West,Q4 2023,2023,113024.36,36,11473.52,10.15,2.67,4.2,1580
PRD_29,iPhone Pro,Electronics,Smartphones,West,Q1 2024,2024,98413.1,36,11850.41,12.04,2.09,4.3,1058
PRD_30,iPhone Pro,Electronics,Smartphones,West,Q2 2024,2024,80514.89,18,9999.6,12.42,3.82,4.4,1233
PRD_31,iPhone Pro,Electronics,Smartphones,West,Q3 2024,2024,71289.73,72,6890.13,9.66,1.07,4.2,1615
PRD_32,iPhone Pro,Electronics,Smartphones,West,Q4 2024,2024,130120.34,31,11259.17,8.65,2.27,3.8,1622
PRD_33,iPhone Pro,Electronics,Smartphones,Central,Q1 2023,2023,33278.61,33,3975.54,11.95,3.29,4.2,1425
PRD_34,iPhone Pro,Electronics,Smartphones,Central,Q2 2023,2023,37834.34,9,5152.47,13.62,1.83,4.5,841
PRD_35,iPhone Pro,Electronics,Smartphones,Central,Q3 2023,2023,34506.64,11,4798.86,13.91,2.2,4.4,1425
PRD_36,iPhone Pro,Electronics,Smartphones,Central,Q4 2023,2023,48056.2,23,6192.59,12.89,1.03,4.4,1061
PRD_37,iPhone Pro,Electronics,Smartphones,Central,Q1 2024,2024,34351.75,30,4669.43,13.59,1.94,4.8,536
PRD_38,iPhone Pro,Electronics,Smartphones,Central,Q2 2024,2024,40902.46,13,3592.49,8.78,3.26,4.1,512
PRD_39,iPhone Pro,Electronics,Smartphones,Central,Q3 2024,2024,31464.87,11,3251.37,10.33,2.44,4.3,1394
PRD_40,iPhone Pro,Electronics,Smartphones,Central,Q4 2024,2024,44554.78,13,3797.5,8.52,2.67,4.4,389
PRD_41,Samsung Galaxy,Electronics,Smartphones,North,Q1 2023,2023,60090.48,16,7252.37,12.07,1.96,4.1,132
PRD_42,Samsung Galaxy,Electronics,Smartphones,North,Q2 2023,2023,57555.57,12,6020.28,10.46,2.86,3.6,1099
PRD_43,Samsung Galaxy,Electronics,Smartphones,North,Q3 2023,2023,61058.82,35,5407.01,8.86,3.0,3.7,371
PRD_44,Samsung Galaxy,Electronics,Smartphones,North,Q4 2023,2023,99606.52,50,13130.1,13.18,3.22,4.4,1201
PRD_45,Samsung Galaxy,Electronics,Smartphones,North,Q1 2024,2024,76084.24,16,8829.02,11.6,1.22,4.4,770
PRD_46,Samsung Galaxy,Electronics,Smartphones,North,Q2 2024,2024,50549.38,11,5891.01,11.65,1.34,4.3,1782
PRD_47,Samsung Galaxy,Electronics,Smartphones,North,Q3 2024,2024,72919.39,30,8713.72,11.95,3.43,4.1,1185
PRD_48,Samsung Galaxy,Electronics,Smartphones,North,Q4 2024,2024,116027.08,182,11736.48,10.12,2.51,4.8,1969
PRD_49,Samsung Galaxy,Electronics,Smartphones,South,Q1 2023,2023,78744.96,25,9194.04,11.68,1.04,4.4,821
PRD_50,Samsung Galaxy,Electronics,Smartphones,South,Q2 2023,2023,80667.23,21,7266.93,9.01,1.76,3.5,1679
PRD_51,Samsung Galaxy,Electronics,Smartphones,South,Q3 2023,2023,71871.26,14,7310.31,10.17,3.33,4.1,1900
PRD_52,Samsung Galaxy,Electronics,Smartphones,South,Q4 2023,2023,100596.56,20,10129.53,10.07,1.96,3.7,1667
PRD_53,Samsung Galaxy,Electronics,Smartphones,South,Q1 2024,2024,57480.46,28,5870.95,10.21,1.56,4.3,1307
PRD_54,Samsung Galaxy,Electronics,Smartphones,South,Q2 2024,2024,83293.14,21,7477.84,8.98,2.8,4.5,1537
PRD_55,Samsung Galaxy,Electronics,Smartphones,South,Q3 2024,2024,98058.89,27,14142.23,14.42,1.41,3.9,119
PRD_56,Samsung Galaxy,Electronics,Smartphones,South,Q4 2024,2024,82522.59,108,7406.07,8.97,2.24,3.8,1815
PRD_57,Samsung Galaxy,Electronics,Smartphones,East,Q1 2023,2023,41525.0,12,5181.15,12.48,3.21,4.4,424
PRD_58,Samsung Galaxy,Electronics,Smartphones,East,Q2 2023,2023,53530.17,11,5428.95,10.14,2.88,4.7,1091
PRD_59,Samsung Galaxy,Electronics,Smartphones,East,Q3 2023,2023,49360.73,24,5368.01,10.88,1.09,3.5,1799
PRD_60,Samsung Galaxy,Electronics,Smartphones,East,Q4 2023,2023,68475.94,26,8334.23,12.17,3.7,4.1,1506
PRD_61,Samsung Galaxy,Electronics,Smartphones,East,Q1 2024,2024,39199.47,11,3583.52,9.14,2.71,4.8,1141
PRD_62,Samsung Galaxy,Electronics,Smartphones,East,Q2 2024,2024,48733.89,14,6120.44,12.56,1.32,3.8,754
PRD_63,Samsung Galaxy,Electronics,Smartphones,East,Q3 2024,2024,41603.19,8,4060.08,9.76,3.18,4.7,1238
PRD_64,Samsung Galaxy,Electronics,Smartphones,East,Q4 2024,2024,84222.65,23,9887.78,11.74,3.97,4.0,155
PRD_65,Samsung Galaxy,Electronics,Smartphones,West,Q1 2023,2023,67023.46,14,5598.59,8.35,2.16,4.2,1439
PRD_66,Samsung Galaxy,Electronics,Smartphones,West,Q2 2023,2023,86934.79,19,8482.55,9.76,1.41,3.5,1588
PRD_67,Samsung Galaxy,Electronics,Smartphones,West,Q3 2023,2023,63225.89,59,5591.98,8.84,2.45,3.8,1856
PRD_68,Samsung Galaxy,Electronics,Smartphones,West,Q4 2023,2023,102277.51,31,9284.75,9.08,2.35,3.8,1689
PRD_69,Samsung Galaxy,Electronics,Smartphones,West,Q1 2024,2024,93460.37,30,12886.5,13.79,1.93,4.0,956
PRD_70,Samsung Galaxy,Electronics,Smartphones,West,Q2 2024,2024,59811.23,37,7717.23,12.9,1.42,3.7,714
PRD_71,Samsung Galaxy,Electronics,Smartphones,West,Q3 2024,2024,95210.5,24,9459.77,9.94,3.97,4.5,810
PRD_72,Samsung Galaxy,Electronics,Smartphones,West,Q4 2024,2024,117384.87,31,17274.22,14.72,3.47,4.4,933
PRD_73,Samsung Galaxy,Electronics,Smartphones,Central,Q1 2023,2023,24296.79,8,3040.12,12.51,1.46,3.6,260
PRD_74,Samsung Galaxy,Electronics,Smartphones,Central,Q2 2023,2023,38592.97,23,3476.78,9.01,2.09,4.7,1086
PRD_75,Samsung Galaxy,Electronics,Smartphones,Central,Q3 2023,2023,38906.7,10,3907.6,10.04,2.97,3.5,1366
PRD_76,Samsung Galaxy,Electronics,Smartphones,Central,Q4 2023,2023,34865.85,49,3197.14,9.17,3.06,3.7,1311
PRD_77,Samsung Galaxy,Electronics,Smartphones,Central,Q1 2024,2024,36840.7,18,3369.07,9.14,1.26,3.7,1641
PRD_78,Samsung Galaxy,Electronics,Smartphones,Central,Q2 2024,2024,40133.57,14,3570.04,8.9,2.13,3.7,815
PRD_79,Samsung Galaxy,Electronics,Smartphones,Central,Q3 2024,2024,37318.05,9,4501.95,12.06,3.67,4.7,564
PRD_80,Samsung Galaxy,Electronics,Smartphones,Central,Q4 2024,2024,36592.43,14,4292.44,11.73,3.07,3.8,78
PRD_81,OnePlus Nord,Electronics,Smartphones,North,Q1 2023,2023,73473.93,133,8529.71,11.61,3.85,4.8,1756
PRD_82,OnePlus Nord,Electronics,Smartphones,North,Q2 2023,2023,56869.3,27,5588.17,9.83,3.59,4.5,482
PRD_83,OnePlus Nord,Electronics,Smartphones,North,Q3 2023,2023,57416.61,12,8429.83,14.68,1.34,4.4,1184
PRD_84,OnePlus Nord,Electronics,Smartphones,North,Q4 2023,2023,88009.84,21,10836.48,12.31,1.83,3.9,837
PRD_85,OnePlus Nord,Electronics,Smartphones,North,Q1 2024,2024,91317.85,51,9216.67,10.09,2.52,4.3,979
PRD_86,OnePlus Nord,Electronics,Smartphones,North,Q2 2024,2024,77087.86,34,10222.62,13.26,3.19,4.3,220
PRD_87,OnePlus Nord,Electronics,Smartphones,North,Q3 2024,2024,67789.14,16,8893.34,13.12,2.23,4.4,847
PRD_88,OnePlus Nord,Electronics,Smartphones,North,Q4 2024,2024,93498.42,26,8898.67,9.52,2.31,3.8,1497
PRD_89,OnePlus Nord,Electronics,Smartphones,South,Q1 2023,2023,77301.15,27,6918.1,8.95,3.9,4.2,1363
PRD_90,OnePlus Nord,Electronics,Smartphones,South,Q2 2023,2023,82369.77,32,9720.83,11.8,3.48,3.9,1114
PRD_91,OnePlus Nord,Electronics,Smartphones,South,Q3 2023,2023,73330.29,26,7502.3,10.23,2.18,4.7,1967
PRD_92,OnePlus Nord,Electronics,Smartphones,South,Q4 2023,2023,123125.95,81,13639.94,11.08,1.97,4.4,1603
PRD_93,OnePlus Nord,Electronics,Smartphones,South,Q1 2024,2024,68207.38,53,5601.78,8.21,2.04,3.8,280
PRD_94,OnePlus Nord,Electronics,Smartphones,South,Q2 2024,2024,73802.36,25,9895.49,13.41,1.36,3.8,284
PRD_95,OnePlus Nord,Electronics,Smartphones,South,Q3 2024,2024,85781.2,21,9669.13,11.27,2.97,4.5,116
PRD_96,OnePlus Nord,Electronics,Smartphones,South,Q4 2024,2024,132933.29,110,11095.2,8.35,1.98,3.9,67
PRD_97,OnePlus Nord,Electronics,Smartphones,East,Q1 2023,2023,33391.21,7,4795.64,14.36,1.28,4.7,404
PRD_98,OnePlus Nord,Electronics,Smartphones,East,Q2 2023,2023,35417.03,29,2848.12,8.04,3.45,3.9,1263
PRD_99,OnePlus Nord,Electronics,Smartphones,East,Q3 2023,2023,44939.34,71,5944.63,13.23,2.83,3.5,584
PRD_100,OnePlus Nord,Electronics,Smartphones,East,Q4 2023,2023,63543.57,28,8740.76,13.76,3.03,3.6,1566
PRD_101,OnePlus Nord,Electronics,Smartphones,East,Q1 2024,2024,40576.17,11,4427.43,10.91,1.58,4.3,1118
PRD_102,OnePlus Nord,Electronics,Smartphones,East,Q2 2024,2024,43950.9,9,4517.12,10.28,3.87,4.3,694
PRD_103,OnePlus Nord,Electronics,Smartphones,East,Q3 2024,2024,58509.82,109,7533.26,12.88,1.29,3.7,275
PRD_104,OnePlus Nord,Electronics,Smartphones,East,Q4 2024,2024,56097.0,12,7402.7,13.2,3.21,4.0,742
PRD_105,OnePlus Nord,Electronics,Smartphones,West,Q1 2023,2023,67166.14,21,7274.67,10.83,2.89,3.6,229
PRD_106,OnePlus Nord,Electronics,Smartphones,West,Q2 2023,2023,71877.77,26,9374.37,13.04,3.52,3.5,1075
PRD_107,OnePlus Nord,Electronics,Smartphones,West,Q3 2023,2023,55962.98,74,8290.0,14.81,3.89,3.8,93
PRD_108,OnePlus Nord,Electronics,Smartphones,West,Q4 2023,2023,120711.62,161,12291.79,10.18,3.15,4.0,1415
PRD_109,OnePlus Nord,Electronics,Smartphones,West,Q1 2024,2024,99207.03,79,8510.25,8.58,2.7,4.5,1332
PRD_110,OnePlus Nord,Electronics,Smartphones,West,Q2 2024,2024,96836.09,129,10914.95,11.27,3.69,3.9,255
PRD_111,OnePlus Nord,Electronics,Smartphones,West,Q3 2024,2024,59687.32,23,5331.13,8.93,3.03,3.7,1706
PRD_112,OnePlus Nord,Electronics,Smartphones,West,Q4 2024,2024,85370.4,28,8852.66,10.37,1.65,4.3,1459
PRD_113,OnePlus Nord,Electronics,Smartphones,Central,Q1 2023,2023,21897.98,7,2053.77,9.38,2.9,4.6,235
PRD_114,OnePlus Nord,Electronics,Smartphones,Central,Q2 2023,2023,26444.91,5,3565.46,13.48,3.34,3.9,1807
PRD_115,OnePlus Nord,Electronics,Smartphones,Central,Q3 2023,2023,23564.1,6,2079.1,8.82,3.51,4.5,342
PRD_116,OnePlus Nord,Electronics,Smartphones,Central,Q4 2023,2023,42903.4,33,6288.69,14.66,1.58,4.5,1002
PRD_117,OnePlus Nord,Electronics,Smartphones,Central,Q1 2024,2024,32580.38,7,3038.57,9.33,3.95,4.6,283
PRD_118,OnePlus Nord,Electronics,Smartphones,Central,Q2 2024,2024,32986.45,7,4134.37,12.53,3.4,4.3,1893
PRD_119,OnePlus Nord,Electronics,Smartphones,Central,Q3 2024,2024,31711.56,9,2704.31,8.53,3.79,4.2,1993
PRD_120,OnePlus Nord,Electronics,Smartphones,Central,Q4 2024,2024,51715.02,25,5375.45,10.39,2.18,3.8,1584
PRD_121,Pixel Pro,Electronics,Smartphones,North,Q1 2023,2023,70238.39,52,6714.24,9.56,3.7,3.8,1376
PRD_122,Pixel Pro,Electronics,Smartphones,North,Q2 2023,2023,50226.5,34,4835.23,9.63,1.65,4.7,1524
PRD_123,Pixel Pro,Electronics,Smartphones,North,Q3 2023,2023,53774.0,14,6911.44,12.85,3.9,3.9,1427
PRD_124,Pixel Pro,Electronics,Smartphones,North,Q4 2023,2023,67862.99,14,8068.81,11.89,1.06,4.4,559
PRD_125,Pixel Pro,Electronics,Smartphones,North,Q1 2024,2024,70781.73,15,9408.44,13.29,3.57,3.8,703
PRD_126,Pixel Pro,Electronics,Smartphones,North,Q2 2024,2024,84066.77,17,9527.4,11.33,1.07,3.7,998
PRD_127,Pixel Pro,Electronics,Smartphones,North,Q3 2024,2024,89340.26,18,7761.86,8.69,3.48,4.6,1626
PRD_128,Pixel Pro,Electronics,Smartphones,North,Q4 2024,2024,111606.25,31,13322.17,11.94,3.7,4.1,365
PRD_129,Pixel Pro,Electronics,Smartphones,South,Q1 2023,2023,69330.99,27,10166.49,14.66,3.3,3.9,147
PRD_130,Pixel Pro,Electronics,Smartphones,South,Q2 2023,2023,82273.37,57,10858.64,13.2,3.8,4.0,630
PRD_131,Pixel Pro,Electronics,Smartphones,South,Q3 2023,2023,68240.93,17,6560.83,9.61,2.26,3.9,1315
PRD_132,Pixel Pro,Electronics,Smartphones,South,Q4 2023,2023,87738.05,87,13012.55,14.83,3.88,4.5,1254
PRD_133,Pixel Pro,Electronics,Smartphones,South,Q1 2024,2024,69837.25,133,5932.49,8.49,2.01,4.0,369
PRD_134,Pixel Pro,Electronics,Smartphones,South,Q2 2024,2024,64473.15,13,7832.05,12.15,2.88,3.8,266
PRD_135,Pixel Pro,Electronics,Smartphones,South,Q3 2024,2024,70314.02,19,8884.66,12.64,1.24,3.5,1477
PRD_136,Pixel Pro,Electronics,Smartphones,South,Q4 2024,2024,82410.06,21,8526.18,10.35,2.96,4.8,1211
PRD_137,Pixel Pro,Electronics,Smartphones,East,Q1 2023,2023,41227.05,38,4764.53,11.56,1.3,4.5,1235
PRD_138,Pixel Pro,Electronics,Smartphones,East,Q2 2023,2023,31958.09,8,3550.19,11.11,3.67,4.3,732
PRD_139,Pixel Pro,Electronics,Smartphones,East,Q3 2023,2023,30380.92,6,2899.81,9.54,2.64,4.3,255
PRD_140,Pixel Pro,Electronics,Smartphones,East,Q4 2023,2023,44382.0,8,3949.9,8.9,1.09,4.0,1202
PRD_141,Pixel Pro,Electronics,Smartphones,East,Q1 2024,2024,44907.86,33,5143.04,11.45,2.69,4.0,196
PRD_142,Pixel Pro,Electronics,Smartphones,East,Q2 2024,2024,62016.09,26,8535.63,13.76,2.35,4.5,1078
PRD_143,Pixel Pro,Electronics,Smartphones,East,Q3 2024,2024,35275.74,13,3437.22,9.74,1.86,3.9,1718
PRD_144,Pixel Pro,Electronics,Smartphones,East,Q4 2024,2024,64252.7,29,5150.11,8.02,2.74,3.6,492
PRD_145,Pixel Pro,Electronics,Smartphones,West,Q1 2023,2023,54511.47,13,6050.04,11.1,3.19,4.3,1544
PRD_146,Pixel Pro,Electronics,Smartphones,West,Q2 2023,2023,80554.0,17,6794.07,8.43,1.8,4.0,61
PRD_147,Pixel Pro,Electronics,Smartphones,West,Q3 2023,2023,72648.59,23,6224.28,8.57,2.81,3.8,399
PRD_148,Pixel Pro,Electronics,Smartphones,West,Q4 2023,2023,84669.2,25,11029.41,13.03,1.48,3.7,1834
PRD_149,Pixel Pro,Electronics,Smartphones,West,Q1 2024,2024,69285.18,19,10316.39,14.89,3.37,4.6,1232
PRD_150,Pixel Pro,Electronics,Smartphones,West,Q2 2024,2024,96605.82,35,13514.94,13.99,1.98,4.5,268
PRD_151,Pixel Pro,Electronics,Smartphones,West,Q3 2024,2024,73655.87,16,7022.78,9.53,1.3,4.7,1332
PRD_152,Pixel Pro,Electronics,Smartphones,West,Q4 2024,2024,143986.75,53,19469.27,13.52,3.65,3.7,200
PRD_153,Pixel Pro,Electronics,Smartphones,Central,Q1 2023,2023,22947.33,12,3353.77,14.62,1.59,4.5,651
PRD_154,Pixel Pro,Electronics,Smartphones,Central,Q2 2023,2023,34668.02,27,3370.69,9.72,2.11,3.8,1621
PRD_155,Pixel Pro,Electronics,Smartphones,Central,Q3 2023,2023,30855.46,14,3040.47,9.85,1.29,4.3,417
PRD_156,Pixel Pro,Electronics,Smartphones,Central,Q4 2023,2023,40702.08,9,3779.07,9.28,2.7,3.8,1106
PRD_157,Pixel Pro,Electronics,Smartphones,Central,Q1 2024,2024,32361.32,9,2848.2,8.8,2.85,4.6,710
PRD_158,Pixel Pro,Electronics,Smartphones,Central,Q2 2024,2024,39268.19,13,3840.51,9.78,2.32,3.8,1316
PRD_159,Pixel Pro,Electronics,Smartphones,Central,Q3 2024,2024,46096.05,9,4468.8,9.69,1.05,4.8,293
PRD_160,Pixel Pro,Electronics,Smartphones,Central,Q4 2024,2024,64530.23,13,9376.2,14.53,1.43,3.7,315
PRD_161,MacBook Air,Electronics,Laptops,North,Q1 2023,2023,77994.9,18,6600.07,8.46,1.96,4.6,969
PRD_162,MacBook Air,Electronics,Laptops,North,Q2 2023,2023,48261.79,16,6644.02,13.77,3.88,3.7,1607
PRD_163,MacBook Air,Electronics,Laptops,North,Q3 2023,2023,48174.71,17,4138.62,8.59,2.14,4.1,698
PRD_164,MacBook Air,Electronics,Laptops,North,Q4 2023,2023,72241.84,111,10563.84,14.62,3.34,3.6,777
PRD_165,MacBook Air,Electronics,Laptops,North,Q1 2024,2024,69642.53,104,6073.2,8.72,1.73,4.4,95
PRD_166,MacBook Air,Electronics,Laptops,North,Q2 2024,2024,56613.53,22,7347.59,12.98,2.36,4.3,1936
PRD_167,MacBook Air,Electronics,Laptops,North,Q3 2024,2024,74923.96,21,6660.06,8.89,3.3,3.9,624
PRD_168,MacBook Air,Electronics,Laptops,North,Q4 2024,2024,128693.47,113,15090.22,11.73,1.39,3.7,103
PRD_169,MacBook Air,Electronics,Laptops,South,Q1 2023,2023,49071.07,24,4205.84,8.57,3.79,4.5,652
PRD_170,MacBook Air,Electronics,Laptops,South,Q2 2023,2023,52529.02,10,5923.61,11.28,3.07,4.1,656
PRD_171,MacBook Air,Electronics,Laptops,South,Q3 2023,2023,53057.84,32,5093.81,9.6,1.63,3.7,373
PRD_172,MacBook Air,Electronics,Laptops,South,Q4 2023,2023,86643.75,20,7446.97,8.59,1.52,4.1,219
PRD_173,MacBook Air,Electronics,Laptops,South,Q1 2024,2024,96276.71,25,9795.35,10.17,3.13,4.0,938
PRD_174,MacBook Air,Electronics,Laptops,South,Q2 2024,2024,97518.63,24,12897.79,13.23,2.41,4.7,360
PRD_175,MacBook Air,Electronics,Laptops,South,Q3 2024,2024,83137.81,35,10567.15,12.71,3.79,4.0,501
PRD_176,MacBook Air,Electronics,Laptops,South,Q4 2024,2024,137122.77,78,18919.73,13.8,1.26,4.6,860
PRD_177,MacBook Air,Electronics,Laptops,East,Q1 2023,2023,35471.15,14,4610.42,13.0,2.51,3.6,1779
PRD_178,MacBook Air,Electronics,Laptops,East,Q2 2023,2023,45652.09,10,5977.73,13.09,3.55,4.8,1071
PRD_179,MacBook Air,Electronics,Laptops,East,Q3 2023,2023,37626.32,64,5077.61,13.49,3.33,4.0,1140
PRD_180,MacBook Air,Electronics,Laptops,East,Q4 2023,2023,64530.58,14,9284.97,14.39,3.56,3.6,701
PRD_181,MacBook Air,Electronics,Laptops,East,Q1 2024,2024,39585.69,51,4515.6,11.41,1.57,3.6,619
PRD_182,MacBook Air,Electronics,Laptops,East,Q2 2024,2024,56796.19,58,7396.52,13.02,2.22,3.8,261
PRD_183,MacBook Air,Electronics,Laptops,East,Q3 2024,2024,56330.03,11,4984.02,8.85,2.62,4.1,765
PRD_184,MacBook Air,Electronics,Laptops,East,Q4 2024,2024,69675.94,29,6660.47,9.56,1.89,4.1,1827
PRD_185,MacBook Air,Electronics,Laptops,West,Q1 2023,2023,59387.41,61,8068.82,13.59,1.88,4.4,217
PRD_186,MacBook Air,Electronics,Laptops,West,Q2 2023,2023,93626.17,38,13976.32,14.93,2.38,4.5,1560
PRD_187,MacBook Air,Electronics,Laptops,West,Q3 2023,2023,67502.6,15,8268.05,12.25,1.32,4.1,1461
PRD_188,MacBook Air,Electronics,Laptops,West,Q4 2023,2023,93972.29,18,9974.0,10.61,2.84,3.7,584
PRD_189,MacBook Air,Electronics,Laptops,West,Q1 2024,2024,96707.77,32,8979.34,9.29,1.82,4.4,396
PRD_190,MacBook Air,Electronics,Laptops,West,Q2 2024,2024,61704.63,24,7107.97,11.52,3.98,4.8,559
PRD_191,MacBook Air,Electronics,Laptops,West,Q3 2024,2024,92601.09,21,12951.87,13.99,3.18,3.7,506
PRD_192,MacBook Air,Electronics,Laptops,West,Q4 2024,2024,145668.19,121,17333.91,11.9,3.77,4.1,1249
PRD_193,MacBook Air,Electronics,Laptops,Central,Q1 2023,2023,34243.21,12,3132.8,9.15,2.7,4.2,1255
PRD_194,MacBook Air,Electronics,Laptops,Central,Q2 2023,2023,40378.15,55,4860.56,12.04,3.12,3.8,1640
PRD_195,MacBook Air,Electronics,Laptops,Central,Q3 2023,2023,33082.93,12,3912.88,11.83,2.86,4.8,551
PRD_196,MacBook Air,Electronics,Laptops,Central,Q4 2023,2023,38558.71,24,5073.28,13.16,1.13,4.6,253
PRD_197,MacBook Air,Electronics,Laptops,Central,Q1 2024,2024,38004.13,10,4685.39,12.33,2.1,4.1,1262
PRD_198,MacBook Air,Electronics,Laptops,Central,Q2 2024,2024,25653.43,25,2185.82,8.52,3.28,4.6,1248
PRD_199,MacBook Air,Electronics,Laptops,Central,Q3 2024,2024,30803.11,7,3153.53,10.24,2.12,4.4,1769
PRD_200,MacBook Air,Electronics,Laptops,Central,Q4 2024,2024,46846.68,10,5161.71,11.02,1.04,4.6,1187
PRD_201,Dell XPS,Electronics,Laptops,North,Q1 2023,2023,49837.8,20,5540.51,11.12,3.83,3.5,1078
PRD_202,Dell XPS,Electronics,Laptops,North,Q2 2023,2023,75272.21,17,9025.2,11.99,1.75,4.0,332
PRD_203,Dell XPS,Electronics,Laptops,North,Q3 2023,2023,74205.71,92,10435.38,14.06,3.64,3.9,1302
PRD_204,Dell XPS,Electronics,Laptops,North,Q4 2023,2023,78649.09,21,8082.73,10.28,1.84,3.9,1273
PRD_205,Dell XPS,Electronics,Laptops,North,Q1 2024,2024,89440.81,19,10689.81,11.95,2.41,4.3,58
PRD_206,Dell XPS,Electronics,Laptops,North,Q2 2024,2024,82012.19,17,11568.57,14.11,1.84,4.0,171
PRD_207,Dell XPS,Electronics,Laptops,North,Q3 2024,2024,81324.43,18,10889.32,13.39,3.08,4.4,323
PRD_208,Dell XPS,Electronics,Laptops,North,Q4 2024,2024,112692.49,48,9818.73,8.71,3.79,3.7,664
PRD_209,Dell XPS,Electronics,Laptops,South,Q1 2023,2023,67105.14,48,9506.62,14.17,1.99,3.5,598
PRD_210,Dell XPS,Electronics,Laptops,South,Q2 2023,2023,76230.0,15,11321.54,14.85,3.96,4.3,212
PRD_211,Dell XPS,Electronics,Laptops,South,Q3 2023,2023,76873.9,18,10124.17,13.17,3.66,4.0,1202
PRD_212,Dell XPS,Electronics,Laptops,South,Q4 2023,2023,79359.26,43,9181.89,11.57,1.32,4.4,1821
PRD_213,Dell XPS,Electronics,Laptops,South,Q1 2024,2024,62050.58,16,8653.0,13.95,1.8,3.5,1257
PRD_214,Dell XPS,Electronics,Laptops,South,Q2 2024,2024,58531.5,30,6870.85,11.74,2.2,4.7,1121
PRD_215,Dell XPS,Electronics,Laptops,South,Q3 2024,2024,64595.4,20,7814.82,12.1,2.37,4.6,648
PRD_216,Dell XPS,Electronics,Laptops,South,Q4 2024,2024,116422.37,41,11917.04,10.24,3.55,3.8,1023
PRD_217,Dell XPS,Electronics,Laptops,East,Q1 2023,2023,40929.71,27,3474.12,8.49,3.42,3.8,1082
PRD_218,Dell XPS,Electronics,Laptops,East,Q2 2023,2023,41810.1,10,5480.17,13.11,2.02,3.7,1009
PRD_219,Dell XPS,Electronics,Laptops,East,Q3 2023,2023,39845.35,9,5462.06,13.71,2.04,4.4,881
PRD_220,Dell XPS,Electronics,Laptops,East,Q4 2023,2023,50142.06,20,6102.84,12.17,2.49,4.4,1712
PRD_221,Dell XPS,Electronics,Laptops,East,Q1 2024,2024,50565.92,13,4531.94,8.96,1.91,3.6,992
PRD_222,Dell XPS,Electronics,Laptops,East,Q2 2024,2024,36139.19,8,5001.66,13.84,3.64,4.0,596
PRD_223,Dell XPS,Electronics,Laptops,East,Q3 2024,2024,53984.64,12,5576.87,10.33,2.67,3.7,1579
PRD_224,Dell XPS,Electronics,Laptops,East,Q4 2024,2024,62173.56,13,8362.09,13.45,3.08,3.9,691
PRD_225,Dell XPS,Electronics,Laptops,West,Q1 2023,2023,86739.45,18,7196.51,8.3,3.09,4.6,797
PRD_226,Dell XPS,Electronics,Laptops,West,Q2 2023,2023,85398.36,25,10858.26,12.71,2.94,4.2,162
PRD_227,Dell XPS,Electronics,Laptops,West,Q3 2023,2023,63096.63,18,8158.23,12.93,3.29,4.4,280
PRD_228,Dell XPS,Electronics,Laptops,West,Q4 2023,2023,126267.09,147,14983.65,11.87,3.2,4.7,1717
PRD_229,Dell XPS,Electronics,Laptops,West,Q1 2024,2024,91117.78,41,11646.36,12.78,2.05,4.3,679
PRD_230,Dell XPS,Electronics,Laptops,West,Q2 2024,2024,81319.41,58,7600.97,9.35,1.38,4.0,1467
PRD_231,Dell XPS,Electronics,Laptops,West,Q3 2024,2024,77937.31,16,8275.24,10.62,3.88,4.6,1301
PRD_232,Dell XPS,Electronics,Laptops,West,Q4 2024,2024,118033.49,34,11097.73,9.4,2.42,3.5,1236
PRD_233,Dell XPS,Electronics,Laptops,Central,Q1 2023,2023,26896.68,7,3480.89,12.94,3.32,3.7,1666
PRD_234,Dell XPS,Electronics,Laptops,Central,Q2 2023,2023,33609.97,7,4152.7,12.36,2.49,4.1,245
PRD_235,Dell XPS,Electronics,Laptops,Central,Q3 2023,2023,27398.86,8,3140.12,11.46,2.49,3.6,1992
PRD_236,Dell XPS,Electronics,Laptops,Central,Q4 2023,2023,34648.2,14,3378.33,9.75,1.29,4.5,1944
PRD_237,Dell XPS,Electronics,Laptops,Central,Q1 2024,2024,34931.64,8,4222.19,12.09,3.61,4.0,1760
PRD_238,Dell XPS,Electronics,Laptops,Central,Q2 2024,2024,30968.35,6,3629.87,11.72,1.42,3.9,839
PRD_239,Dell XPS,Electronics,Laptops,Central,Q3 2024,2024,39959.57,41,5657.13,14.16,2.89,3.7,659
PRD_240,Dell XPS,Electronics,Laptops,Central,Q4 2024,2024,36702.84,12,4361.68,11.88,3.01,4.5,1595
PRD_241,ThinkPad,Electronics,Laptops,North,Q1 2023,2023,48726.05,14,4887.04,10.03,3.89,4.0,1071
PRD_242,ThinkPad,Electronics,Laptops,North,Q2 2023,2023,74134.35,104,8660.55,11.68,1.1,4.8,1222
PRD_243,ThinkPad,Electronics,Laptops,North,Q3 2023,2023,46812.31,20,3821.6,8.16,3.11,4.7,1709
PRD_244,ThinkPad,Electronics,Laptops,North,Q4 2023,2023,69152.31,19,7288.16,10.54,2.6,4.3,1870
PRD_245,ThinkPad,Electronics,Laptops,North,Q1 2024,2024,58560.48,11,7726.6,13.19,2.07,3.5,129
PRD_246,ThinkPad,Electronics,Laptops,North,Q2 2024,2024,83900.84,26,10620.37,12.66,3.01,4.0,1273
PRD_247,ThinkPad,Electronics,Laptops,North,Q3 2024,2024,68779.66,135,9764.01,14.2,2.01,4.5,1641
PRD_248,ThinkPad,Electronics,Laptops,North,Q4 2024,2024,91268.84,24,8495.23,9.31,1.63,4.6,67
PRD_249,ThinkPad,Electronics,Laptops,South,Q1 2023,2023,64319.45,16,7813.02,12.15,1.58,3.9,324
PRD_250,ThinkPad,Electronics,Laptops,South,Q2 2023,2023,71155.31,29,9117.63,12.81,1.66,4.7,1821
PRD_251,ThinkPad,Electronics,Laptops,South,Q3 2023,2023,60805.24,19,7326.96,12.05,2.72,4.0,1573
PRD_252,ThinkPad,Electronics,Laptops,South,Q4 2023,2023,111904.77,33,16329.96,14.59,2.57,4.6,1162
PRD_253,ThinkPad,Electronics,Laptops,South,Q1 2024,2024,88864.35,88,10287.14,11.58,2.3,4.3,1403
PRD_254,ThinkPad,Electronics,Laptops,South,Q2 2024,2024,88709.32,21,12831.56,14.46,2.77,3.6,425
PRD_255,ThinkPad,Electronics,Laptops,South,Q3 2024,2024,71840.31,38,6445.77,8.97,2.28,3.8,1604
PRD_256,ThinkPad,Electronics,Laptops,South,Q4 2024,2024,89202.37,43,11464.15,12.85,1.86,3.5,1397
PRD_257,ThinkPad,Electronics,Laptops,East,Q1 2023,2023,47620.52,27,3949.17,8.29,2.71,3.9,1360
PRD_258,ThinkPad,Electronics,Laptops,East,Q2 2023,2023,47870.29,10,5237.65,10.94,1.89,4.6,129
PRD_259,ThinkPad,Electronics,Laptops,East,Q3 2023,2023,37485.09,10,3254.13,8.68,3.86,4.2,291
PRD_260,ThinkPad,Electronics,Laptops,East,Q4 2023,2023,48704.58,13,6216.8,12.76,3.52,3.6,1271
PRD_261,ThinkPad,Electronics,Laptops,East,Q1 2024,2024,43909.64,12,4961.44,11.3,1.67,4.5,109
PRD_262,ThinkPad,Electronics,Laptops,East,Q2 2024,2024,58819.53,16,6799.05,11.56,2.59,3.7,1471
PRD_263,ThinkPad,Electronics,Laptops,East,Q3 2024,2024,37376.88,21,5497.51,14.71,3.52,4.2,442
PRD_264,ThinkPad,Electronics,Laptops,East,Q4 2024,2024,82190.68,18,6997.1,8.51,1.24,3.7,297
PRD_265,ThinkPad,Electronics,Laptops,West,Q1 2023,2023,75281.04,70,6431.18,8.54,1.74,4.8,958
PRD_266,ThinkPad,Electronics,Laptops,West,Q2 2023,2023,57396.99,26,4874.08,8.49,1.38,4.6,1634
PRD_267,ThinkPad,Electronics,Laptops,West,Q3 2023,2023,84069.05,17,6948.31,8.27,1.14,3.6,734
PRD_268,ThinkPad,Electronics,Laptops,West,Q4 2023,2023,108693.87,22,15738.71,14.48,2.57,4.4,1020
PRD_269,ThinkPad,Electronics,Laptops,West,Q1 2024,2024,71411.76,34,6802.05,9.53,1.76,4.1,803
PRD_270,ThinkPad,Electronics,Laptops,West,Q2 2024,2024,81777.03,32,8792.14,10.75,1.8,4.8,173
PRD_271,ThinkPad,Electronics,Laptops,West,Q3 2024,2024,106340.33,80,13003.75,12.23,2.27,4.7,1574
PRD_272,ThinkPad,Electronics,Laptops,West,Q4 2024,2024,82514.61,47,9545.5,11.57,1.85,4.3,213
PRD_273,ThinkPad,Electronics,Laptops,Central,Q1 2023,2023,36289.71,12,3280.54,9.04,2.53,4.5,1203
PRD_274,ThinkPad,Electronics,Laptops,Central,Q2 2023,2023,31283.87,7,2926.01,9.35,2.41,3.7,262
PRD_275,ThinkPad,Electronics,Laptops,Central,Q3 2023,2023,23255.1,16,3358.79,14.44,1.21,4.8,753
PRD_276,ThinkPad,Electronics,Laptops,Central,Q4 2023,2023,53993.76,14,5503.32,10.19,1.72,4.8,1322
PRD_277,ThinkPad,Electronics,Laptops,Central,Q1 2024,2024,39003.33,31,5829.99,14.95,1.05,4.2,1740
PRD_278,ThinkPad,Electronics,Laptops,Central,Q2 2024,2024,33893.82,7,3989.11,11.77,2.64,3.6,625
PRD_279,ThinkPad,Electronics,Laptops,Central,Q3 2024,2024,44778.38,42,5970.2,13.33,3.21,3.7,132
PRD_280,ThinkPad,Electronics,Laptops,Central,Q4 2024,2024,64338.49,14,7788.73,12.11,2.93,3.8,180
PRD_281,HP Spectre,Electronics,Laptops,North,Q1 2023,2023,78374.94,18,10123.11,12.92,3.09,4.0,1403
PRD_282,HP Spectre,Electronics,Laptops,North,Q2 2023,2023,67321.4,15,9924.78,14.74,2.68,4.5,1861
PRD_283,HP Spectre,Electronics,Laptops,North,Q3 2023,2023,51830.93,27,7598.57,14.66,3.55,4.8,62
PRD_284,HP Spectre,Electronics,Laptops,North,Q4 2023,2023,75740.55,17,6473.92,8.55,1.29,3.7,1495
PRD_285,HP Spectre,Electronics,Laptops,North,Q1 2024,2024,68376.64,33,6423.47,9.39,1.41,3.6,252
PRD_286,HP Spectre,Electronics,Laptops,North,Q2 2024,2024,86836.46,88,7768.58,8.95,1.86,4.0,1395
PRD_287,HP Spectre,Electronics,Laptops,North,Q3 2024,2024,72860.01,21,6070.05,8.33,3.99,4.6,1278
PRD_288,HP Spectre,Electronics,Laptops,North,Q4 2024,2024,108118.36,39,14659.6,13.56,2.48,3.5,1200
PRD_289,HP Spectre,Electronics,Laptops,South,Q1 2023,2023,85407.42,26,12380.85,14.5,1.53,4.2,297
PRD_290,HP Spectre,Electronics,Laptops,South,Q2 2023,2023,73202.29,15,6563.77,8.97,3.58,4.0,357
PRD_291,HP Spectre,Electronics,Laptops,South,Q3 2023,2023,55355.19,15,6466.71,11.68,3.63,4.1,1490
PRD_292,HP Spectre,Electronics,Laptops,South,Q4 2023,2023,121628.92,39,10795.97,8.88,3.59,3.9,235
PRD_293,HP Spectre,Electronics,Laptops,South,Q1 2024,2024,75022.1,23,8705.75,11.6,1.13,3.9,1266
PRD_294,HP Spectre,Electronics,Laptops,South,Q2 2024,2024,100931.15,27,9665.55,9.58,1.07,4.0,1861
PRD_295,HP Spectre,Electronics,Laptops,South,Q3 2024,2024,76909.51,16,10623.77,13.81,2.73,4.8,979
PRD_296,HP Spectre,Electronics,Laptops,South,Q4 2024,2024,78775.32,55,11768.25,14.94,3.82,4.4,1641
PRD_297,HP Spectre,Electronics,Laptops,East,Q1 2023,2023,36113.82,13,4710.35,13.04,3.97,4.0,1004
PRD_298,HP Spectre,Electronics,Laptops,East,Q2 2023,2023,53112.46,21,5047.54,9.5,3.25,3.7,477
PRD_299,HP Spectre,Electronics,Laptops,East,Q3 2023,2023,46026.85,12,6718.92,14.6,2.85,4.5,431
PRD_300,HP Spectre,Electronics,Laptops,East,Q4 2023,2023,47046.21,30,4750.9,10.1,2.48,4.4,123
PRD_301,HP Spectre,Electronics,Laptops,East,Q1 2024,2024,57224.27,83,5989.66,10.47,3.75,4.1,285
PRD_302,HP Spectre,Electronics,Laptops,East,Q2 2024,2024,43917.89,20,4756.91,10.83,2.15,4.4,931
PRD_303,HP Spectre,Electronics,Laptops,East,Q3 2024,2024,48415.94,13,6561.89,13.55,1.11,4.3,1863
PRD_304,HP Spectre,Electronics,Laptops,East,Q4 2024,2024,71365.31,15,8166.52,11.44,1.62,4.2,430
PRD_305,HP Spectre,Electronics,Laptops,West,Q1 2023,2023,78139.73,15,8222.24,10.52,3.66,4.1,311
PRD_306,HP Spectre,Electronics,Laptops,West,Q2 2023,2023,83342.9,24,7825.48,9.39,2.08,3.7,780
PRD_307,HP Spectre,Electronics,Laptops,West,Q3 2023,2023,83839.15,33,7468.37,8.91,3.8,4.1,1238
PRD_308,HP Spectre,Electronics,Laptops,West,Q4 2023,2023,119160.52,24,12125.5,10.18,2.99,4.2,563
PRD_309,HP Spectre,Electronics,Laptops,West,Q1 2024,2024,107699.33,25,15363.33,14.27,1.28,4.4,927
PRD_310,HP Spectre,Electronics,Laptops,West,Q2 2024,2024,59065.47,18,7868.41,13.32,2.98,4.5,1328
PRD_311,HP Spectre,Electronics,Laptops,West,Q3 2024,2024,64154.03,45,9116.68,14.21,2.48,3.7,850
PRD_312,HP Spectre,Electronics,Laptops,West,Q4 2024,2024,133934.75,42,15452.28,11.54,2.04,4.7,783
PRD_313,HP Spectre,Electronics,Laptops,Central,Q1 2023,2023,26237.28,6,3579.08,13.64,3.06,4.7,1471
PRD_314,HP Spectre,Electronics,Laptops,Central,Q2 2023,2023,31802.95,7,3217.36,10.12,2.63,4.6,1514
PRD_315,HP Spectre,Electronics,Laptops,Central,Q3 2023,2023,31471.39,40,4096.48,13.02,2.38,4.3,1471
PRD_316,HP Spectre,Electronics,Laptops,Central,Q4 2023,2023,45168.07,16,4221.51,9.35,3.9,3.7,259
PRD_317,HP Spectre,Electronics,Laptops,Central,Q1 2024,2024,41511.92,14,4544.19,10.95,1.89,4.1,1168
PRD_318,HP Spectre,Electronics,Laptops,Central,Q2 2024,2024,40181.12,13,5141.46,12.8,3.71,4.7,1996
PRD_319,HP Spectre,Electronics,Laptops,Central,Q3 2024,2024,37327.56,10,3588.07,9.61,3.47,3.9,465
PRD_320,HP Spectre,Electronics,Laptops,Central,Q4 2024,2024,43575.21,34,6006.1,13.78,2.57,4.0,275
PRD_321,AirPods,Electronics,Accessories,North,Q1 2023,2023,54739.79,12,4674.58,8.54,3.14,3.6,1527
PRD_322,AirPods,Electronics,Accessories,North,Q2 2023,2023,57569.88,18,6468.95,11.24,2.71,4.4,428
PRD_323,AirPods,Electronics,Accessories,North,Q3 2023,2023,50162.48,10,4878.1,9.72,1.83,3.8,676
PRD_324,AirPods,Electronics,Accessories,North,Q4 2023,2023,69726.21,19,6379.82,9.15,2.84,4.2,1573
PRD_325,AirPods,Electronics,Accessories,North,Q1 2024,2024,59470.42,30,7318.81,12.31,2.24,4.4,781
PRD_326,AirPods,Electronics,Accessories,North,Q2 2024,2024,80138.45,34,6450.55,8.05,2.05,4.0,1322
PRD_327,AirPods,Electronics,Accessories,North,Q3 2024,2024,71568.4,23,8844.69,12.36,3.42,3.8,1030
PRD_328,AirPods,Electronics,Accessories,North,Q4 2024,2024,127018.95,32,16002.65,12.6,3.2,3.9,58
PRD_329,AirPods,Electronics,Accessories,South,Q1 2023,2023,67043.17,13,8152.56,12.16,2.75,3.7,152
PRD_330,AirPods,Electronics,Accessories,South,Q2 2023,2023,55124.6,25,6386.53,11.59,2.14,3.8,113
PRD_331,AirPods,Electronics,Accessories,South,Q3 2023,2023,54574.44,23,6525.77,11.96,2.56,3.5,183
PRD_332,AirPods,Electronics,Accessories,South,Q4 2023,2023,122428.75,103,17529.5,14.32,2.31,4.4,274
PRD_333,AirPods,Electronics,Accessories,South,Q1 2024,2024,97772.27,37,11609.92,11.87,1.64,4.1,1055
PRD_334,AirPods,Electronics,Accessories,South,Q2 2024,2024,58998.84,13,4819.18,8.17,3.76,3.7,1037
PRD_335,AirPods,Electronics,Accessories,South,Q3 2024,2024,57813.89,27,5500.96,9.51,3.85,3.8,934
PRD_336,AirPods,Electronics,Accessories,South,Q4 2024,2024,114622.91,125,13093.56,11.42,2.88,4.5,552
PRD_337,AirPods,Electronics,Accessories,East,Q1 2023,2023,41613.3,9,4732.44,11.37,1.9,3.6,1566
PRD_338,AirPods,Electronics,Accessories,East,Q2 2023,2023,39165.86,58,3411.77,8.71,1.33,3.7,664
PRD_339,AirPods,Electronics,Accessories,East,Q3 2023,2023,49779.9,58,6225.27,12.51,3.97,4.8,983
PRD_340,AirPods,Electronics,Accessories,East,Q4 2023,2023,62482.42,26,7275.72,11.64,1.47,4.2,543
PRD_341,AirPods,Electronics,Accessories,East,Q1 2024,2024,37353.41,11,4157.94,11.13,2.89,4.6,1496
PRD_342,AirPods,Electronics,Accessories,East,Q2 2024,2024,42208.57,15,5506.68,13.05,1.34,3.7,76
PRD_343,AirPods,Electronics,Accessories,East,Q3 2024,2024,55933.35,59,5645.58,10.09,2.12,3.9,1109
PRD_344,AirPods,Electronics,Accessories,East,Q4 2024,2024,86066.6,30,11671.83,13.56,1.26,4.8,1014
PRD_345,AirPods,Electronics,Accessories,West,Q1 2023,2023,64358.15,40,6224.7,9.67,2.18,4.1,632
PRD_346,AirPods,Electronics,Accessories,West,Q2 2023,2023,72396.56,25,6852.18,9.46,1.85,4.3,1134
PRD_347,AirPods,Electronics,Accessories,West,Q3 2023,2023,66495.04,14,7477.43,11.25,2.06,3.8,1723
PRD_348,AirPods,Electronics,Accessories,West,Q4 2023,2023,116057.04,60,15120.63,13.03,3.57,4.0,850
PRD_349,AirPods,Electronics,Accessories,West,Q1 2024,2024,58969.65,28,7140.62,12.11,1.53,3.8,1238
PRD_350,AirPods,Electronics,Accessories,West,Q2 2024,2024,95739.11,49,10470.92,10.94,3.29,3.7,516
PRD_351,AirPods,Electronics,Accessories,West,Q3 2024,2024,94109.36,22,7692.96,8.17,2.63,4.7,260
PRD_352,AirPods,Electronics,Accessories,West,Q4 2024,2024,132758.28,39,16143.8,12.16,3.73,3.9,538
PRD_353,AirPods,Electronics,Accessories,Central,Q1 2023,2023,26666.49,30,3803.86,14.26,2.85,4.1,142
PRD_354,AirPods,Electronics,Accessories,Central,Q2 2023,2023,38020.37,14,3990.2,10.49,1.96,4.6,1674
PRD_355,AirPods,Electronics,Accessories,Central,Q3 2023,2023,37608.33,10,4455.53,11.85,2.15,3.6,1051
PRD_356,AirPods,Electronics,Accessories,Central,Q4 2023,2023,54586.38,11,4423.64,8.1,2.41,4.5,188
PRD_357,AirPods,Electronics,Accessories,Central,Q1 2024,2024,29342.9,22,3550.41,12.1,1.24,4.6,1754
PRD_358,AirPods,Electronics,Accessories,Central,Q2 2024,2024,27590.89,9,3547.18,12.86,3.89,4.5,1290
PRD_359,AirPods,Electronics,Accessories,Central,Q3 2024,2024,36894.3,19,3900.06,10.57,3.88,3.7,529
PRD_360,AirPods,Electronics,Accessories,Central,Q4 2024,2024,43662.28,20,5357.53,12.27,3.67,4.0,1501
PRD_361,Smart Watch,Electronics,Accessories,North,Q1 2023,2023,67062.78,21,7871.06,11.74,3.2,4.5,1944
PRD_362,Smart Watch,Electronics,Accessories,North,Q2 2023,2023,76951.01,21,9105.59,11.83,2.57,3.7,1608
PRD_363,Smart Watch,Electronics,Accessories,North,Q3 2023,2023,78972.1,19,11337.16,14.36,1.04,3.7,243
PRD_364,Smart Watch,Electronics,Accessories,North,Q4 2023,2023,83901.49,53,6972.43,8.31,3.84,4.6,475
PRD_365,Smart Watch,Electronics,Accessories,North,Q1 2024,2024,65242.88,16,7684.09,11.78,2.36,4.3,758
PRD_366,Smart Watch,Electronics,Accessories,North,Q2 2024,2024,53430.66,12,6961.67,13.03,1.53,4.8,1737
PRD_367,Smart Watch,Electronics,Accessories,North,Q3 2024,2024,59043.67,24,7147.01,12.1,2.55,4.2,1875
PRD_368,Smart Watch,Electronics,Accessories,North,Q4 2024,2024,113541.25,98,11155.46,9.83,1.27,3.6,609
PRD_369,Smart Watch,Electronics,Accessories,South,Q1 2023,2023,82295.54,143,9158.63,11.13,3.5,3.6,1580
PRD_370,Smart Watch,Electronics,Accessories,South,Q2 2023,2023,72845.21,30,6958.94,9.55,1.3,4.5,1343
PRD_371,Smart Watch,Electronics,Accessories,South,Q3 2023,2023,78848.02,38,9763.52,12.38,3.88,4.3,639
PRD_372,Smart Watch,Electronics,Accessories,South,Q4 2023,2023,101652.64,29,9172.06,9.02,2.73,3.8,117
PRD_373,Smart Watch,Electronics,Accessories,South,Q1 2024,2024,85595.14,31,8700.21,10.16,3.68,3.7,1288
PRD_374,Smart Watch,Electronics,Accessories,South,Q2 2024,2024,65922.53,16,5454.63,8.27,2.72,4.7,1158
PRD_375,Smart Watch,Electronics,Accessories,South,Q3 2024,2024,56970.18,18,5636.45,9.89,2.22,3.8,994
PRD_376,Smart Watch,Electronics,Accessories,South,Q4 2024,2024,85354.05,18,8090.73,9.48,2.29,4.4,1525
PRD_377,Smart Watch,Electronics,Accessories,East,Q1 2023,2023,46966.36,12,5748.57,12.24,3.2,3.7,605
PRD_378,Smart Watch,Electronics,Accessories,East,Q2 2023,2023,43886.74,27,4008.3,9.13,3.44,4.3,244
PRD_379,Smart Watch,Electronics,Accessories,East,Q3 2023,2023,39609.67,12,4426.13,11.17,1.95,4.4,1719
PRD_380,Smart Watch,Electronics,Accessories,East,Q4 2023,2023,43973.2,29,5101.68,11.6,2.11,3.6,1378
PRD_381,Smart Watch,Electronics,Accessories,East,Q1 2024,2024,40090.67,59,3320.17,8.28,3.23,4.2,1252
PRD_382,Smart Watch,Electronics,Accessories,East,Q2 2024,2024,54528.98,14,4773.29,8.75,3.39,4.5,1667
PRD_383,Smart Watch,Electronics,Accessories,East,Q3 2024,2024,39875.54,10,4977.42,12.48,3.88,3.8,1407
PRD_384,Smart Watch,Electronics,Accessories,East,Q4 2024,2024,57887.09,12,7615.64,13.16,1.37,4.7,1816
PRD_385,Smart Watch,Electronics,Accessories,West,Q1 2023,2023,64533.23,28,6052.65,9.38,1.05,3.8,1091
PRD_386,Smart Watch,Electronics,Accessories,West,Q2 2023,2023,71168.15,28,9062.73,12.73,1.36,4.6,1205
PRD_387,Smart Watch,Electronics,Accessories,West,Q3 2023,2023,54205.44,58,4990.19,9.21,2.82,4.3,1510
PRD_388,Smart Watch,Electronics,Accessories,West,Q4 2023,2023,106790.69,58,8857.71,8.29,1.43,3.7,1821
PRD_389,Smart Watch,Electronics,Accessories,West,Q1 2024,2024,74085.7,73,10904.55,14.72,3.6,4.6,773
PRD_390,Smart Watch,Electronics,Accessories,West,Q2 2024,2024,60191.32,21,8546.77,14.2,2.37,3.8,184
PRD_391,Smart Watch,Electronics,Accessories,West,Q3 2024,2024,81058.89,39,9983.61,12.32,3.98,4.0,419
PRD_392,Smart Watch,Electronics,Accessories,West,Q4 2024,2024,149435.43,70,16915.78,11.32,2.35,4.1,1606
PRD_393,Smart Watch,Electronics,Accessories,Central,Q1 2023,2023,40280.62,32,5022.38,12.47,3.61,4.5,977
PRD_394,Smart Watch,Electronics,Accessories,Central,Q2 2023,2023,38523.33,27,4278.8,11.11,2.14,4.7,1450
PRD_395,Smart Watch,Electronics,Accessories,Central,Q3 2023,2023,31747.12,12,4458.11,14.04,1.18,3.9,1695
PRD_396,Smart Watch,Electronics,Accessories,Central,Q4 2023,2023,40960.05,18,5635.62,13.76,2.83,3.9,1010
PRD_397,Smart Watch,Electronics,Accessories,Central,Q1 2024,2024,45574.59,15,5947.78,13.05,2.32,3.8,1691
PRD_398,Smart Watch,Electronics,Accessories,Central,Q2 2024,2024,45292.21,9,3792.59,8.37,1.34,3.7,1042
PRD_399,Smart Watch,Electronics,Accessories,Central,Q3 2024,2024,28055.2,8,3269.76,11.65,2.8,4.2,500
PRD_400,Smart Watch,Electronics,Accessories,Central,Q4 2024,2024,56236.03,22,5097.02,9.06,1.4,3.7,650
PRD_401,Tablet,Electronics,Accessories,North,Q1 2023,2023,53385.54,12,6595.47,12.35,1.17,4.1,407
PRD_402,Tablet,Electronics,Accessories,North,Q2 2023,2023,80515.76,16,7785.31,9.67,1.47,3.9,1420
PRD_403,Tablet,Electronics,Accessories,North,Q3 2023,2023,44198.25,85,6587.58,14.9,3.92,3.8,351
PRD_404,Tablet,Electronics,Accessories,North,Q4 2023,2023,76200.21,25,11396.55,14.96,1.81,3.8,173
PRD_405,Tablet,Electronics,Accessories,North,Q1 2024,2024,89540.17,93,11313.8,12.64,2.34,3.9,1164
PRD_406,Tablet,Electronics,Accessories,North,Q2 2024,2024,73550.67,97,7622.56,10.36,3.39,4.2,143
PRD_407,Tablet,Electronics,Accessories,North,Q3 2024,2024,65732.8,17,9244.22,14.06,3.3,4.6,1378
PRD_408,Tablet,Electronics,Accessories,North,Q4 2024,2024,121659.98,64,11689.83,9.61,3.85,4.4,1112
PRD_409,Tablet,Electronics,Accessories,South,Q1 2023,2023,75944.36,18,7122.38,9.38,3.92,4.4,1872
PRD_410,Tablet,Electronics,Accessories,South,Q2 2023,2023,50961.99,35,6452.18,12.66,2.55,4.6,1638
PRD_411,Tablet,Electronics,Accessories,South,Q3 2023,2023,79232.28,49,10675.18,13.47,1.25,4.0,270
PRD_412,Tablet,Electronics,Accessories,South,Q4 2023,2023,122302.78,31,12995.58,10.63,2.19,3.9,841
PRD_413,Tablet,Electronics,Accessories,South,Q1 2024,2024,57041.93,20,6391.07,11.2,2.32,4.3,1990
PRD_414,Tablet,Electronics,Accessories,South,Q2 2024,2024,57492.45,16,7721.82,13.43,3.91,4.1,1771
PRD_415,Tablet,Electronics,Accessories,South,Q3 2024,2024,57375.22,77,7889.95,13.75,1.5,3.8,1318
PRD_416,Tablet,Electronics,Accessories,South,Q4 2024,2024,89188.05,24,13214.97,14.82,3.5,4.4,1101
PRD_417,Tablet,Electronics,Accessories,East,Q1 2023,2023,45777.37,11,5638.57,12.32,3.97,4.4,805
PRD_418,Tablet,Electronics,Accessories,East,Q2 2023,2023,51271.18,33,6437.21,12.56,1.24,4.7,1684
PRD_419,Tablet,Electronics,Accessories,East,Q3 2023,2023,48796.86,14,4708.77,9.65,3.84,4.7,1188
PRD_420,Tablet,Electronics,Accessories,East,Q4 2023,2023,65827.37,32,7300.67,11.09,2.97,4.0,1625
PRD_421,Tablet,Electronics,Accessories,East,Q1 2024,2024,39411.21,29,4192.07,10.64,3.34,4.0,756
PRD_422,Tablet,Electronics,Accessories,East,Q2 2024,2024,50149.9,15,6136.47,12.24,3.35,4.1,1809
PRD_423,Tablet,Electronics,Accessories,East,Q3 2024,2024,33953.25,22,2957.07,8.71,2.37,3.9,1851
PRD_424,Tablet,Electronics,Accessories,East,Q4 2024,2024,68176.99,118,6619.35,9.71,1.41,3.6,1999
PRD_425,Tablet,Electronics,Accessories,West,Q1 2023,2023,58809.12,12,6384.04,10.86,1.4,3.7,1674
PRD_426,Tablet,Electronics,Accessories,West,Q2 2023,2023,55843.43,18,7296.48,13.07,1.94,3.9,221
PRD_427,Tablet,Electronics,Accessories,West,Q3 2023,2023,59501.72,38,5113.44,8.59,1.33,4.3,1484
PRD_428,Tablet,Electronics,Accessories,West,Q4 2023,2023,119638.47,54,14106.29,11.79,2.21,3.6,824
PRD_429,Tablet,Electronics,Accessories,West,Q1 2024,2024,67802.88,15,10144.27,14.96,3.39,3.6,472
PRD_430,Tablet,Electronics,Accessories,West,Q2 2024,2024,92069.89,98,12711.98,13.81,1.81,4.1,1685
PRD_431,Tablet,Electronics,Accessories,West,Q3 2024,2024,100376.98,36,11333.88,11.29,1.22,3.5,1240
PRD_432,Tablet,Electronics,Accessories,West,Q4 2024,2024,142737.74,40,13842.35,9.7,1.6,4.5,381
PRD_433,Tablet,Electronics,Accessories,Central,Q1 2023,2023,22073.99,4,2735.11,12.39,3.98,4.0,1036
PRD_434,Tablet,Electronics,Accessories,Central,Q2 2023,2023,25867.02,11,2740.63,10.6,3.8,3.7,708
PRD_435,Tablet,Electronics,Accessories,Central,Q3 2023,2023,32427.32,8,4640.91,14.31,3.98,3.6,1163
PRD_436,Tablet,Electronics,Accessories,Central,Q4 2023,2023,47814.89,11,5901.86,12.34,1.05,3.5,1691
PRD_437,Tablet,Electronics,Accessories,Central,Q1 2024,2024,45547.23,18,6177.49,13.56,3.85,3.6,1160
PRD_438,Tablet,Electronics,Accessories,Central,Q2 2024,2024,29056.44,10,2771.53,9.54,2.37,4.3,1665
PRD_439,Tablet,Electronics,Accessories,Central,Q3 2024,2024,34866.32,9,4350.47,12.48,2.85,4.5,194
PRD_440,Tablet,Electronics,Accessories,Central,Q4 2024,2024,56456.31,12,7959.75,14.1,3.16,4.0,1017
PRD_441,Power Bank,Electronics,Accessories,North,Q1 2023,2023,54429.01,19,6307.7,11.59,2.56,4.2,1014
PRD_442,Power Bank,Electronics,Accessories,North,Q2 2023,2023,70009.64,20,7391.2,10.56,1.89,3.9,505
PRD_443,Power Bank,Electronics,Accessories,North,Q3 2023,2023,63904.86,24,8997.75,14.08,3.88,3.7,1595
PRD_444,Power Bank,Electronics,Accessories,North,Q4 2023,2023,66647.99,40,8100.92,12.15,3.94,4.3,1421
PRD_445,Power Bank,Electronics,Accessories,North,Q1 2024,2024,90253.77,91,10836.2,12.01,2.26,4.5,1810
PRD_446,Power Bank,Electronics,Accessories,North,Q2 2024,2024,92185.37,18,10074.31,10.93,3.63,3.6,1901
PRD_447,Power Bank,Electronics,Accessories,North,Q3 2024,2024,60585.16,28,6663.95,11.0,2.5,4.1,408
PRD_448,Power Bank,Electronics,Accessories,North,Q4 2024,2024,72472.33,26,10253.29,14.15,2.98,3.8,626
PRD_449,Power Bank,Electronics,Accessories,South,Q1 2023,2023,53586.57,13,6212.88,11.59,2.19,4.4,1374
PRD_450,Power Bank,Electronics,Accessories,South,Q2 2023,2023,62198.06,34,9118.44,14.66,1.18,4.8,108
PRD_451,Power Bank,Electronics,Accessories,South,Q3 2023,2023,83863.57,55,9787.37,11.67,1.04,3.7,1685
PRD_452,Power Bank,Electronics,Accessories,South,Q4 2023,2023,98389.63,21,12224.94,12.43,1.87,4.5,458
PRD_453,Power Bank,Electronics,Accessories,South,Q1 2024,2024,57265.18,18,5494.37,9.59,2.72,4.3,1250
PRD_454,Power Bank,Electronics,Accessories,South,Q2 2024,2024,81409.62,22,11042.01,13.56,3.25,3.6,461
PRD_455,Power Bank,Electronics,Accessories,South,Q3 2024,2024,65128.36,20,8752.65,13.44,1.7,4.2,1761
PRD_456,Power Bank,Electronics,Accessories,South,Q4 2024,2024,116055.61,32,16182.87,13.94,1.13,4.4,1677
PRD_457,Power Bank,Electronics,Accessories,East,Q1 2023,2023,50450.73,30,4174.89,8.28,1.17,3.9,719
PRD_458,Power Bank,Electronics,Accessories,East,Q2 2023,2023,38793.36,12,4097.52,10.56,3.45,4.8,527
PRD_459,Power Bank,Electronics,Accessories,East,Q3 2023,2023,44375.88,23,5319.85,11.99,3.2,4.4,187
PRD_460,Power Bank,Electronics,Accessories,East,Q4 2023,2023,47464.32,11,5969.3,12.58,1.61,4.7,356
PRD_461,Power Bank,Electronics,Accessories,East,Q1 2024,2024,38421.6,12,3973.9,10.34,3.85,4.2,1579
PRD_462,Power Bank,Electronics,Accessories,East,Q2 2024,2024,38238.67,21,3396.15,8.88,3.78,4.8,744
PRD_463,Power Bank,Electronics,Accessories,East,Q3 2024,2024,33977.2,11,4389.24,12.92,1.88,4.4,651
PRD_464,Power Bank,Electronics,Accessories,East,Q4 2024,2024,78923.66,19,10480.76,13.28,2.08,4.3,1511
PRD_465,Power Bank,Electronics,Accessories,West,Q1 2023,2023,51343.53,11,5540.59,10.79,2.05,3.9,305
PRD_466,Power Bank,Electronics,Accessories,West,Q2 2023,2023,78921.72,29,7671.4,9.72,2.41,4.1,908
PRD_467,Power Bank,Electronics,Accessories,West,Q3 2023,2023,63912.92,39,7236.8,11.32,1.59,4.6,1313
PRD_468,Power Bank,Electronics,Accessories,West,Q4 2023,2023,108065.6,48,10746.93,9.94,1.72,3.6,917
PRD_469,Power Bank,Electronics,Accessories,West,Q1 2024,2024,64632.4,71,5714.83,8.84,3.35,4.4,604
PRD_470,Power Bank,Electronics,Accessories,West,Q2 2024,2024,97044.05,36,10622.93,10.95,2.05,4.7,1193
PRD_471,Power Bank,Electronics,Accessories,West,Q3 2024,2024,72884.12,53,8188.43,11.23,1.39,4.8,1380
PRD_472,Power Bank,Electronics,Accessories,West,Q4 2024,2024,138964.83,73,11543.06,8.31,3.5,4.1,383
PRD_473,Power Bank,Electronics,Accessories,Central,Q1 2023,2023,30955.49,9,2692.13,8.7,2.44,4.8,1395
PRD_474,Power Bank,Electronics,Accessories,Central,Q2 2023,2023,29718.39,25,3739.36,12.58,3.23,4.1,512
PRD_475,Power Bank,Electronics,Accessories,Central,Q3 2023,2023,40482.04,21,3444.57,8.51,2.38,4.6,1055
PRD_476,Power Bank,Electronics,Accessories,Central,Q4 2023,2023,43996.21,23,6555.58,14.9,2.1,3.6,1195
PRD_477,Power Bank,Electronics,Accessories,Central,Q1 2024,2024,27069.24,13,3119.09,11.52,2.45,4.1,187
PRD_478,Power Bank,Electronics,Accessories,Central,Q2 2024,2024,37473.66,8,5144.68,13.73,1.78,4.1,979
PRD_479,Power Bank,Electronics,Accessories,Central,Q3 2024,2024,32509.61,22,2780.27,8.55,1.44,4.7,1007
PRD_480,Power Bank,Electronics,Accessories,Central,Q4 2024,2024,53734.44,77,7099.74,13.21,3.57,4.3,1532
PRD_481,Formal Shirts,Fashion,Men,North,Q1 2023,2023,40328.18,45,16414.82,40.7,2.36,4.5,359
PRD_482,Formal Shirts,Fashion,Men,North,Q2 2023,2023,54106.2,46,18230.61,33.69,3.75,3.9,1673
PRD_483,Formal Shirts,Fashion,Men,North,Q3 2023,2023,49550.09,21,16410.43,33.12,6.07,3.5,1190
PRD_484,Formal Shirts,Fashion,Men,North,Q4 2023,2023,66383.48,35,17934.43,27.02,3.73,4.0,608
PRD_485,Formal Shirts,Fashion,Men,North,Q1 2024,2024,43597.29,52,11878.19,27.25,6.4,4.5,701
PRD_486,Formal Shirts,Fashion,Men,North,Q2 2024,2024,66207.04,30,19420.28,29.33,5.43,4.7,360
PRD_487,Formal Shirts,Fashion,Men,North,Q3 2024,2024,42866.27,20,10853.22,25.32,7.43,4.3,677
PRD_488,Formal Shirts,Fashion,Men,North,Q4 2024,2024,52684.61,46,19562.7,37.13,7.83,4.1,489
PRD_489,Formal Shirts,Fashion,Men,South,Q1 2023,2023,61461.24,22,19316.97,31.43,5.88,3.9,1553
PRD_490,Formal Shirts,Fashion,Men,South,Q2 2023,2023,53858.39,13,23860.06,44.3,5.5,4.1,1610
PRD_491,Formal Shirts,Fashion,Men,South,Q3 2023,2023,66731.58,24,16847.33,25.25,5.34,4.7,1572
PRD_492,Formal Shirts,Fashion,Men,South,Q4 2023,2023,70807.79,15,27794.04,39.25,5.25,4.5,1101
PRD_493,Formal Shirts,Fashion,Men,South,Q1 2024,2024,59101.2,16,23313.02,39.45,3.62,4.3,928
PRD_494,Formal Shirts,Fashion,Men,South,Q2 2024,2024,64406.61,61,20812.82,32.31,6.21,4.0,1484
PRD_495,Formal Shirts,Fashion,Men,South,Q3 2024,2024,73776.88,16,33118.45,44.89,3.81,3.5,1600
PRD_496,Formal Shirts,Fashion,Men,South,Q4 2024,2024,52199.98,35,20639.53,39.54,7.34,3.6,1925
PRD_497,Formal Shirts,Fashion,Men,East,Q1 2023,2023,34007.52,14,13360.54,39.29,6.71,4.1,1053
PRD_498,Formal Shirts,Fashion,Men,East,Q2 2023,2023,41594.76,8,10841.08,26.06,7.51,4.4,1822
PRD_499,Formal Shirts,Fashion,Men,East,Q3 2023,2023,33646.01,13,11223.94,33.36,4.74,3.7,1338
PRD_500,Formal Shirts,Fashion,Men,East,Q4 2023,2023,37880.3,30,14702.12,38.81,7.22,4.3,1287
PRD_501,Formal Shirts,Fashion,Men,East,Q1 2024,2024,22905.58,31,10084.14,44.02,6.78,4.6,697
PRD_502,Formal Shirts,Fashion,Men,East,Q2 2024,2024,27170.53,6,9143.91,33.65,3.69,3.9,1978
PRD_503,Formal Shirts,Fashion,Men,East,Q3 2024,2024,33452.15,6,8542.6,25.54,2.19,4.1,1846
PRD_504,Formal Shirts,Fashion,Men,East,Q4 2024,2024,29408.35,11,9131.45,31.05,6.88,3.8,771
PRD_505,Formal Shirts,Fashion,Men,West,Q1 2023,2023,47980.69,15,21059.71,43.89,5.95,3.5,1372
PRD_506,Formal Shirts,Fashion,Men,West,Q2 2023,2023,62657.58,20,25814.07,41.2,7.57,3.5,1003
PRD_507,Formal Shirts,Fashion,Men,West,Q3 2023,2023,63760.75,49,22349.72,35.05,4.36,4.3,726
PRD_508,Formal Shirts,Fashion,Men,West,Q4 2023,2023,77018.07,37,23155.09,30.06,3.03,4.0,1982
PRD_509,Formal Shirts,Fashion,Men,West,Q1 2024,2024,66858.83,23,29180.1,43.64,4.68,4.0,1281
PRD_510,Formal Shirts,Fashion,Men,West,Q2 2024,2024,64637.97,125,17674.1,27.34,5.94,3.6,1222
PRD_511,Formal Shirts,Fashion,Men,West,Q3 2024,2024,46468.26,67,19637.24,42.26,3.68,4.1,1549
PRD_512,Formal Shirts,Fashion,Men,West,Q4 2024,2024,82285.9,26,31136.11,37.84,4.13,4.8,1115
PRD_513,Formal Shirts,Fashion,Men,Central,Q1 2023,2023,19017.0,4,6683.57,35.15,7.36,4.2,1841
PRD_514,Formal Shirts,Fashion,Men,Central,Q2 2023,2023,29428.48,6,11874.74,40.35,2.34,4.3,1390
PRD_515,Formal Shirts,Fashion,Men,Central,Q3 2023,2023,21313.74,8,6722.64,31.54,6.5,4.7,1368
PRD_516,Formal Shirts,Fashion,Men,Central,Q4 2023,2023,19520.74,19,6888.4,35.29,4.04,4.5,875
PRD_517,Formal Shirts,Fashion,Men,Central,Q1 2024,2024,21498.37,8,6189.3,28.79,2.65,3.7,745
PRD_518,Formal Shirts,Fashion,Men,Central,Q2 2024,2024,21350.28,9,7746.98,36.29,3.59,3.7,851
PRD_519,Formal Shirts,Fashion,Men,Central,Q3 2024,2024,26838.69,10,10168.44,37.89,7.23,3.7,435
PRD_520,Formal Shirts,Fashion,Men,Central,Q4 2024,2024,34256.4,9,12404.1,36.21,5.31,4.4,1136
PRD_521,Casual Wear,Fashion,Men,North,Q1 2023,2023,49846.4,64,19506.16,39.13,6.71,4.2,101
PRD_522,Casual Wear,Fashion,Men,North,Q2 2023,2023,52430.8,16,18259.75,34.83,7.44,3.9,1962
PRD_523,Casual Wear,Fashion,Men,North,Q3 2023,2023,40934.04,45,14280.37,34.89,4.11,3.5,840
PRD_524,Casual Wear,Fashion,Men,North,Q4 2023,2023,43997.56,13,15376.39,34.95,6.29,4.3,1714
PRD_525,Casual Wear,Fashion,Men,North,Q1 2024,2024,51172.07,31,20183.86,39.44,2.74,3.7,1345
PRD_526,Casual Wear,Fashion,Men,North,Q2 2024,2024,41259.59,11,17043.42,41.31,7.24,4.8,1806
PRD_527,Casual Wear,Fashion,Men,North,Q3 2024,2024,52850.23,12,13274.33,25.12,3.51,4.0,1135
PRD_528,Casual Wear,Fashion,Men,North,Q4 2024,2024,59990.71,30,15231.0,25.39,2.7,4.2,515
PRD_529,Casual Wear,Fashion,Men,South,Q1 2023,2023,42460.08,26,12554.28,29.57,7.96,4.0,576
PRD_530,Casual Wear,Fashion,Men,South,Q2 2023,2023,45845.48,11,17112.41,37.33,4.62,4.5,865
PRD_531,Casual Wear,Fashion,Men,South,Q3 2023,2023,63093.39,73,15895.23,25.19,6.01,4.6,704
PRD_532,Casual Wear,Fashion,Men,South,Q4 2023,2023,63214.52,22,16108.84,25.48,5.22,4.7,1964
PRD_533,Casual Wear,Fashion,Men,South,Q1 2024,2024,43103.99,14,11510.49,26.7,3.7,3.9,1510
PRD_534,Casual Wear,Fashion,Men,South,Q2 2024,2024,71242.11,20,26152.75,36.71,2.92,4.0,335
PRD_535,Casual Wear,Fashion,Men,South,Q3 2024,2024,68446.76,17,30375.41,44.38,3.62,3.8,1665
PRD_536,Casual Wear,Fashion,Men,South,Q4 2024,2024,55310.12,24,18191.25,32.89,2.39,4.3,636
PRD_537,Casual Wear,Fashion,Men,East,Q1 2023,2023,21227.02,4,6207.91,29.25,7.62,3.6,1449
PRD_538,Casual Wear,Fashion,Men,East,Q2 2023,2023,31861.14,21,7971.06,25.02,4.84,4.0,794
PRD_539,Casual Wear,Fashion,Men,East,Q3 2023,2023,27287.33,9,8454.93,30.98,3.15,4.4,215
PRD_540,Casual Wear,Fashion,Men,East,Q4 2023,2023,43135.26,19,19207.32,44.53,3.86,3.8,663
PRD_541,Casual Wear,Fashion,Men,East,Q1 2024,2024,35365.7,8,13046.67,36.89,7.47,4.0,361
PRD_542,Casual Wear,Fashion,Men,East,Q2 2024,2024,47885.33,85,14130.53,29.51,7.77,4.6,745
PRD_543,Casual Wear,Fashion,Men,East,Q3 2024,2024,40067.54,8,17679.97,44.13,7.46,4.5,910
PRD_544,Casual Wear,Fashion,Men,East,Q4 2024,2024,38429.81,8,13611.15,35.42,6.71,4.4,1557
PRD_545,Casual Wear,Fashion,Men,West,Q1 2023,2023,57415.8,12,15927.84,27.74,6.97,4.2,389
PRD_546,Casual Wear,Fashion,Men,West,Q2 2023,2023,53947.24,20,20349.05,37.72,7.34,3.7,894
PRD_547,Casual Wear,Fashion,Men,West,Q3 2023,2023,74998.21,15,28106.63,37.48,5.86,3.9,1327
PRD_548,Casual Wear,Fashion,Men,West,Q4 2023,2023,55038.83,27,14820.49,26.93,6.57,4.4,1760
PRD_549,Casual Wear,Fashion,Men,West,Q1 2024,2024,39646.14,13,17392.14,43.87,7.25,4.5,157
PRD_550,Casual Wear,Fashion,Men,West,Q2 2024,2024,46852.98,13,15371.82,32.81,5.58,4.1,1964
PRD_551,Casual Wear,Fashion,Men,West,Q3 2024,2024,79268.26,25,20933.74,26.41,7.83,3.5,1409
PRD_552,Casual Wear,Fashion,Men,West,Q4 2024,2024,85327.4,106,23173.01,27.16,4.61,4.7,1850
PRD_553,Casual Wear,Fashion,Men,Central,Q1 2023,2023,17233.85,6,7309.41,42.41,2.28,4.0,1563
PRD_554,Casual Wear,Fashion,Men,Central,Q2 2023,2023,24536.94,24,9048.51,36.88,5.5,3.5,1488
PRD_555,Casual Wear,Fashion,Men,Central,Q3 2023,2023,29981.82,9,11425.02,38.11,7.69,4.4,69
PRD_556,Casual Wear,Fashion,Men,Central,Q4 2023,2023,30031.27,6,10381.98,34.57,7.08,4.5,662
PRD_557,Casual Wear,Fashion,Men,Central,Q1 2024,2024,25207.21,19,6374.47,25.29,7.23,4.5,895
PRD_558,Casual Wear,Fashion,Men,Central,Q2 2024,2024,20975.97,17,7747.15,36.93,5.81,4.3,1471
PRD_559,Casual Wear,Fashion,Men,Central,Q3 2024,2024,25778.06,20,10917.51,42.35,4.91,3.6,1143
PRD_560,Casual Wear,Fashion,Men,Central,Q4 2024,2024,29041.97,13,12520.32,43.11,5.55,4.6,607
PRD_561,Footwear,Fashion,Men,North,Q1 2023,2023,42555.48,12,11476.83,26.97,2.79,4.7,1806
PRD_562,Footwear,Fashion,Men,North,Q2 2023,2023,40931.02,13,13562.2,33.13,6.72,4.4,706
PRD_563,Footwear,Fashion,Men,North,Q3 2023,2023,36921.07,12,12764.71,34.57,2.63,3.9,57
PRD_564,Footwear,Fashion,Men,North,Q4 2023,2023,48320.96,10,15009.22,31.06,2.5,3.8,618
PRD_565,Footwear,Fashion,Men,North,Q1 2024,2024,40400.01,20,16925.96,41.9,7.71,4.5,1708
PRD_566,Footwear,Fashion,Men,North,Q2 2024,2024,63300.17,16,19717.25,31.15,2.2,4.1,103
PRD_567,Footwear,Fashion,Men,North,Q3 2024,2024,43888.85,32,16661.36,37.96,5.16,4.1,1274
PRD_568,Footwear,Fashion,Men,North,Q4 2024,2024,71402.71,26,18496.9,25.91,7.5,4.4,563
PRD_569,Footwear,Fashion,Men,South,Q1 2023,2023,33440.5,9,9939.87,29.72,6.89,3.9,915
PRD_570,Footwear,Fashion,Men,South,Q2 2023,2023,58545.0,19,21554.41,36.82,6.74,3.9,1225
PRD_571,Footwear,Fashion,Men,South,Q3 2023,2023,59824.67,92,24755.77,41.38,2.82,4.3,187
PRD_572,Footwear,Fashion,Men,South,Q4 2023,2023,54275.22,12,18786.8,34.61,2.25,3.8,521
PRD_573,Footwear,Fashion,Men,South,Q1 2024,2024,52506.3,17,14520.75,27.66,4.12,4.2,1440
PRD_574,Footwear,Fashion,Men,South,Q2 2024,2024,53910.21,13,13986.84,25.94,7.09,3.6,968
PRD_575,Footwear,Fashion,Men,South,Q3 2024,2024,57779.42,83,17323.5,29.98,5.9,3.6,149
PRD_576,Footwear,Fashion,Men,South,Q4 2024,2024,56848.88,41,18869.85,33.19,7.16,3.8,448
PRD_577,Footwear,Fashion,Men,East,Q1 2023,2023,24332.62,9,7583.39,31.17,5.42,4.7,909
PRD_578,Footwear,Fashion,Men,East,Q2 2023,2023,35131.04,8,11816.35,33.64,5.04,4.1,513
PRD_579,Footwear,Fashion,Men,East,Q3 2023,2023,44584.28,27,11529.41,25.86,2.84,4.8,936
PRD_580,Footwear,Fashion,Men,East,Q4 2023,2023,28332.27,14,10493.18,37.04,4.95,4.2,924
PRD_581,Footwear,Fashion,Men,East,Q1 2024,2024,32012.31,13,13477.7,42.1,4.02,4.4,113
PRD_582,Footwear,Fashion,Men,East,Q2 2024,2024,35040.57,31,9680.94,27.63,4.33,4.2,740
PRD_583,Footwear,Fashion,Men,East,Q3 2024,2024,48140.04,35,14066.66,29.22,2.49,4.8,1727
PRD_584,Footwear,Fashion,Men,East,Q4 2024,2024,47991.26,16,20424.87,42.56,2.83,4.8,1449
PRD_585,Footwear,Fashion,Men,West,Q1 2023,2023,64617.11,17,26241.47,40.61,7.4,3.7,1064
PRD_586,Footwear,Fashion,Men,West,Q2 2023,2023,52233.42,11,18788.15,35.97,7.21,4.3,1480
PRD_587,Footwear,Fashion,Men,West,Q3 2023,2023,49262.28,13,14706.83,29.85,2.63,3.7,1432
PRD_588,Footwear,Fashion,Men,West,Q4 2023,2023,72356.8,15,30765.19,42.52,5.67,4.5,331
PRD_589,Footwear,Fashion,Men,West,Q1 2024,2024,46538.71,18,14894.18,32.0,4.09,3.8,772
PRD_590,Footwear,Fashion,Men,West,Q2 2024,2024,50481.25,11,15643.08,30.99,4.26,3.9,847
PRD_591,Footwear,Fashion,Men,West,Q3 2024,2024,67815.77,20,23615.0,34.82,6.45,3.9,1856
PRD_592,Footwear,Fashion,Men,West,Q4 2024,2024,50419.62,10,14891.0,29.53,5.97,4.6,812
PRD_593,Footwear,Fashion,Men,Central,Q1 2023,2023,16506.07,3,5504.03,33.35,5.9,4.1,595
PRD_594,Footwear,Fashion,Men,Central,Q2 2023,2023,30523.28,15,11153.6,36.54,4.74,3.7,446
PRD_595,Footwear,Fashion,Men,Central,Q3 2023,2023,31597.81,20,13885.79,43.95,6.64,4.0,630
PRD_596,Footwear,Fashion,Men,Central,Q4 2023,2023,33365.28,18,10460.94,31.35,7.43,4.2,1906
PRD_597,Footwear,Fashion,Men,Central,Q1 2024,2024,21964.76,26,9704.99,44.18,4.04,4.3,1516
PRD_598,Footwear,Fashion,Men,Central,Q2 2024,2024,28012.13,18,7083.25,25.29,3.23,3.8,182
PRD_599,Footwear,Fashion,Men,Central,Q3 2024,2024,26322.54,14,10641.38,40.43,3.0,3.6,1036
PRD_600,Footwear,Fashion,Men,Central,Q4 2024,2024,20417.27,10,5259.79,25.76,6.58,3.7,697
PRD_601,Accessories,Fashion,Men,North,Q1 2023,2023,40179.04,8,16710.44,41.59,4.43,4.0,160
PRD_602,Accessories,Fashion,Men,North,Q2 2023,2023,61223.42,30,25067.21,40.94,2.49,4.5,1607
PRD_603,Accessories,Fashion,Men,North,Q3 2023,2023,61318.2,26,17419.48,28.41,3.55,3.8,1155
PRD_604,Accessories,Fashion,Men,North,Q4 2023,2023,56530.31,14,22064.82,39.03,7.25,4.1,811
PRD_605,Accessories,Fashion,Men,North,Q1 2024,2024,49598.17,12,19240.51,38.79,5.61,4.6,1251
PRD_606,Accessories,Fashion,Men,North,Q2 2024,2024,58370.72,28,17643.81,30.23,2.48,4.0,1029
PRD_607,Accessories,Fashion,Men,North,Q3 2024,2024,42308.49,31,17972.16,42.48,7.48,4.5,1863
PRD_608,Accessories,Fashion,Men,North,Q4 2024,2024,56413.55,63,17712.8,31.4,3.44,4.4,908
PRD_609,Accessories,Fashion,Men,South,Q1 2023,2023,49176.08,67,18925.76,38.49,7.27,4.1,222
PRD_610,Accessories,Fashion,Men,South,Q2 2023,2023,46457.1,35,19081.32,41.07,7.19,4.2,1110
PRD_611,Accessories,Fashion,Men,South,Q3 2023,2023,55433.97,33,20923.27,37.74,7.09,3.8,259
PRD_612,Accessories,Fashion,Men,South,Q4 2023,2023,65137.48,75,25757.5,39.54,7.09,3.9,1874
PRD_613,Accessories,Fashion,Men,South,Q1 2024,2024,48953.1,47,17868.42,36.5,4.36,3.8,1604
PRD_614,Accessories,Fashion,Men,South,Q2 2024,2024,50075.45,16,22334.03,44.6,7.42,4.0,1115
PRD_615,Accessories,Fashion,Men,South,Q3 2024,2024,66829.29,56,19773.41,29.59,6.73,3.5,1689
PRD_616,Accessories,Fashion,Men,South,Q4 2024,2024,52930.78,35,22892.29,43.25,2.49,4.0,1243
PRD_617,Accessories,Fashion,Men,East,Q1 2023,2023,26697.23,8,10215.95,38.27,7.58,3.6,944
PRD_618,Accessories,Fashion,Men,East,Q2 2023,2023,38742.72,9,14994.04,38.7,5.8,3.8,1610
PRD_619,Accessories,Fashion,Men,East,Q3 2023,2023,36474.04,10,13157.76,36.07,5.74,4.7,309
PRD_620,Accessories,Fashion,Men,East,Q4 2023,2023,25823.28,6,7495.8,29.03,5.76,4.2,407
PRD_621,Accessories,Fashion,Men,East,Q1 2024,2024,35001.5,23,15542.47,44.41,6.9,3.8,831
PRD_622,Accessories,Fashion,Men,East,Q2 2024,2024,34131.22,13,11085.68,32.48,5.53,4.0,576
PRD_623,Accessories,Fashion,Men,East,Q3 2024,2024,30541.63,9,13304.32,43.56,5.32,4.8,383
PRD_624,Accessories,Fashion,Men,East,Q4 2024,2024,36660.98,8,9220.24,25.15,5.86,3.9,707
PRD_625,Accessories,Fashion,Men,West,Q1 2023,2023,60104.52,13,20434.64,34.0,2.67,4.0,345
PRD_626,Accessories,Fashion,Men,West,Q2 2023,2023,67518.05,15,29068.92,43.05,5.75,4.2,1502
PRD_627,Accessories,Fashion,Men,West,Q3 2023,2023,72291.37,18,30931.58,42.79,3.83,4.7,197
PRD_628,Accessories,Fashion,Men,West,Q4 2023,2023,57774.21,14,20491.02,35.47,7.83,3.9,178
PRD_629,Accessories,Fashion,Men,West,Q1 2024,2024,67929.4,37,22159.39,32.62,7.06,4.0,759
PRD_630,Accessories,Fashion,Men,West,Q2 2024,2024,53502.46,12,15732.7,29.41,6.04,4.3,1561
PRD_631,Accessories,Fashion,Men,West,Q3 2024,2024,66554.58,16,16795.98,25.24,2.25,3.8,1326
PRD_632,Accessories,Fashion,Men,West,Q4 2024,2024,51915.89,30,20343.3,39.19,6.43,4.6,171
PRD_633,Accessories,Fashion,Men,Central,Q1 2023,2023,15421.98,3,6732.19,43.65,7.2,3.8,384
PRD_634,Accessories,Fashion,Men,Central,Q2 2023,2023,19662.88,6,6102.52,31.04,6.16,4.6,377
PRD_635,Accessories,Fashion,Men,Central,Q3 2023,2023,21695.42,4,5442.43,25.09,3.65,4.8,998
PRD_636,Accessories,Fashion,Men,Central,Q4 2023,2023,22911.36,6,7337.82,32.03,3.6,4.4,1354
PRD_637,Accessories,Fashion,Men,Central,Q1 2024,2024,16636.89,22,6384.15,38.37,4.79,3.9,1339
PRD_638,Accessories,Fashion,Men,Central,Q2 2024,2024,34038.42,29,12888.4,37.86,7.43,3.7,1401
PRD_639,Accessories,Fashion,Men,Central,Q3 2024,2024,26223.43,10,7411.12,28.26,6.86,3.9,857
PRD_640,Accessories,Fashion,Men,Central,Q4 2024,2024,26805.83,14,11089.61,41.37,5.63,3.8,780
PRD_641,Ethnic Wear,Fashion,Women,North,Q1 2023,2023,33482.64,17,12340.39,36.86,7.94,4.1,426
PRD_642,Ethnic Wear,Fashion,Women,North,Q2 2023,2023,52304.86,11,22409.27,42.84,6.2,4.3,1564
PRD_643,Ethnic Wear,Fashion,Women,North,Q3 2023,2023,41690.59,27,15483.61,37.14,7.72,4.7,1451
PRD_644,Ethnic Wear,Fashion,Women,North,Q4 2023,2023,47199.68,18,20238.2,42.88,2.3,4.0,888
PRD_645,Ethnic Wear,Fashion,Women,North,Q1 2024,2024,43201.15,37,15261.09,35.33,7.95,4.8,115
PRD_646,Ethnic Wear,Fashion,Women,North,Q2 2024,2024,48062.16,19,20211.02,42.05,6.91,4.1,100
PRD_647,Ethnic Wear,Fashion,Women,North,Q3 2024,2024,48304.54,10,20955.54,43.38,2.05,4.3,482
PRD_648,Ethnic Wear,Fashion,Women,North,Q4 2024,2024,52453.08,12,17691.29,33.73,3.2,3.7,1675
PRD_649,Ethnic Wear,Fashion,Women,South,Q1 2023,2023,38367.56,13,16103.35,41.97,4.31,4.8,1998
PRD_650,Ethnic Wear,Fashion,Women,South,Q2 2023,2023,44484.72,15,18044.11,40.56,3.62,3.6,310
PRD_651,Ethnic Wear,Fashion,Women,South,Q3 2023,2023,52366.62,15,17489.92,33.4,7.46,4.7,1796
PRD_652,Ethnic Wear,Fashion,Women,South,Q4 2023,2023,54593.31,90,19719.26,36.12,4.99,3.9,1744
PRD_653,Ethnic Wear,Fashion,Women,South,Q1 2024,2024,64249.98,23,28731.42,44.72,3.19,4.0,1792
PRD_654,Ethnic Wear,Fashion,Women,South,Q2 2024,2024,52965.81,12,17596.5,33.22,3.45,3.9,1077
PRD_655,Ethnic Wear,Fashion,Women,South,Q3 2024,2024,67628.67,14,21655.39,32.02,3.85,4.5,369
PRD_656,Ethnic Wear,Fashion,Women,South,Q4 2024,2024,77608.8,15,33266.03,42.86,4.05,4.1,725
PRD_657,Ethnic Wear,Fashion,Women,East,Q1 2023,2023,32922.81,9,10360.53,31.47,2.93,4.2,144
PRD_658,Ethnic Wear,Fashion,Women,East,Q2 2023,2023,40560.82,8,17378.42,42.85,6.25,4.3,1713
PRD_659,Ethnic Wear,Fashion,Women,East,Q3 2023,2023,32697.96,7,13803.12,42.21,5.78,4.4,305
PRD_660,Ethnic Wear,Fashion,Women,East,Q4 2023,2023,31236.05,8,9054.79,28.99,2.11,4.5,1871
PRD_661,Ethnic Wear,Fashion,Women,East,Q1 2024,2024,36005.74,11,11461.0,31.83,4.7,4.3,1008
PRD_662,Ethnic Wear,Fashion,Women,East,Q2 2024,2024,41158.97,18,17252.46,41.92,2.29,3.5,1693
PRD_663,Ethnic Wear,Fashion,Women,East,Q3 2024,2024,43478.74,9,11036.96,25.38,4.69,4.5,1855
PRD_664,Ethnic Wear,Fashion,Women,East,Q4 2024,2024,28613.25,11,11532.56,40.3,6.52,4.8,325
PRD_665,Ethnic Wear,Fashion,Women,West,Q1 2023,2023,65402.73,34,20805.53,31.81,5.71,3.7,815
PRD_666,Ethnic Wear,Fashion,Women,West,Q2 2023,2023,76496.64,47,33690.69,44.04,2.29,4.6,223
PRD_667,Ethnic Wear,Fashion,Women,West,Q3 2023,2023,47306.62,14,21119.68,44.64,4.4,3.8,1722
PRD_668,Ethnic Wear,Fashion,Women,West,Q4 2023,2023,58573.27,14,19789.1,33.79,6.44,3.9,1775
PRD_669,Ethnic Wear,Fashion,Women,West,Q1 2024,2024,53637.44,10,16484.77,30.73,5.56,4.4,1943
PRD_670,Ethnic Wear,Fashion,Women,West,Q2 2024,2024,78948.45,113,25250.11,31.98,3.28,4.2,407
PRD_671,Ethnic Wear,Fashion,Women,West,Q3 2024,2024,65457.09,41,23941.39,36.58,5.97,4.7,407
PRD_672,Ethnic Wear,Fashion,Women,West,Q4 2024,2024,50510.24,13,19593.59,38.79,6.32,4.1,1564
PRD_673,Ethnic Wear,Fashion,Women,Central,Q1 2023,2023,28106.7,32,7193.42,25.59,4.38,4.6,1604
PRD_674,Ethnic Wear,Fashion,Women,Central,Q2 2023,2023,31987.3,12,9579.85,29.95,5.31,4.5,311
PRD_675,Ethnic Wear,Fashion,Women,Central,Q3 2023,2023,27140.76,8,11642.35,42.9,7.76,4.2,1509
PRD_676,Ethnic Wear,Fashion,Women,Central,Q4 2023,2023,25784.86,8,8278.79,32.11,3.05,4.5,937
PRD_677,Ethnic Wear,Fashion,Women,Central,Q1 2024,2024,29281.55,9,11056.25,37.76,2.18,3.5,756
PRD_678,Ethnic Wear,Fashion,Women,Central,Q2 2024,2024,21484.07,6,9303.36,43.3,6.84,4.4,258
PRD_679,Ethnic Wear,Fashion,Women,Central,Q3 2024,2024,35521.56,9,14126.27,39.77,4.75,4.0,554
PRD_680,Ethnic Wear,Fashion,Women,Central,Q4 2024,2024,28024.55,5,7580.06,27.05,6.07,4.6,299
PRD_681,Western Wear,Fashion,Women,North,Q1 2023,2023,33187.74,9,9634.6,29.03,4.11,4.6,1776
PRD_682,Western Wear,Fashion,Women,North,Q2 2023,2023,52287.15,31,20496.98,39.2,2.86,4.5,179
PRD_683,Western Wear,Fashion,Women,North,Q3 2023,2023,36833.59,8,14387.19,39.06,6.02,4.4,466
PRD_684,Western Wear,Fashion,Women,North,Q4 2023,2023,46466.94,14,16662.8,35.86,7.79,4.1,1382
PRD_685,Western Wear,Fashion,Women,North,Q1 2024,2024,57425.34,15,15611.41,27.19,7.98,4.0,1263
PRD_686,Western Wear,Fashion,Women,North,Q2 2024,2024,54779.42,14,19365.82,35.35,5.04,4.2,1003
PRD_687,Western Wear,Fashion,Women,North,Q3 2024,2024,53543.97,26,21214.25,39.62,5.44,4.1,1589
PRD_688,Western Wear,Fashion,Women,North,Q4 2024,2024,66121.21,47,29428.1,44.51,7.16,3.6,1008
PRD_689,Western Wear,Fashion,Women,South,Q1 2023,2023,47725.45,50,16621.38,34.83,2.51,4.6,1370
PRD_690,Western Wear,Fashion,Women,South,Q2 2023,2023,45170.21,31,16120.13,35.69,3.55,4.7,1161
PRD_691,Western Wear,Fashion,Women,South,Q3 2023,2023,60812.97,33,18488.77,30.4,2.47,4.2,458
PRD_692,Western Wear,Fashion,Women,South,Q4 2023,2023,57787.92,24,17351.22,30.03,4.92,4.2,1595
PRD_693,Western Wear,Fashion,Women,South,Q1 2024,2024,43439.38,35,14250.95,32.81,5.28,3.6,891
PRD_694,Western Wear,Fashion,Women,South,Q2 2024,2024,62672.7,15,16502.39,26.33,7.65,3.6,1042
PRD_695,Western Wear,Fashion,Women,South,Q3 2024,2024,66333.38,25,17638.0,26.59,7.01,3.7,1834
PRD_696,Western Wear,Fashion,Women,South,Q4 2024,2024,73566.17,82,27330.83,37.15,2.0,4.6,881
PRD_697,Western Wear,Fashion,Women,East,Q1 2023,2023,31613.58,8,8790.46,27.81,6.98,3.6,717
PRD_698,Western Wear,Fashion,Women,East,Q2 2023,2023,39094.57,11,11429.78,29.24,7.91,4.4,747
PRD_699,Western Wear,Fashion,Women,East,Q3 2023,2023,26301.19,21,9446.69,35.92,6.18,4.2,202
PRD_700,Western Wear,Fashion,Women,East,Q4 2023,2023,28567.79,54,12534.94,43.88,7.44,4.2,219
PRD_701,Western Wear,Fashion,Women,East,Q1 2024,2024,36178.04,10,15036.43,41.56,2.6,3.7,1925
PRD_702,Western Wear,Fashion,Women,East,Q2 2024,2024,42381.34,13,14924.33,35.21,2.86,3.8,1130
PRD_703,Western Wear,Fashion,Women,East,Q3 2024,2024,43277.55,24,19079.61,44.09,2.32,4.4,888
PRD_704,Western Wear,Fashion,Women,East,Q4 2024,2024,37126.03,20,12215.85,32.9,4.93,3.7,1265
PRD_705,Western Wear,Fashion,Women,West,Q1 2023,2023,51785.34,15,22810.73,44.05,6.24,4.3,1261
PRD_706,Western Wear,Fashion,Women,West,Q2 2023,2023,61206.61,27,21811.65,35.64,5.07,4.3,1652
PRD_707,Western Wear,Fashion,Women,West,Q3 2023,2023,49380.68,28,20506.23,41.53,2.75,4.4,1467
PRD_708,Western Wear,Fashion,Women,West,Q4 2023,2023,72377.47,29,24851.02,34.34,4.02,3.8,1536
PRD_709,Western Wear,Fashion,Women,West,Q1 2024,2024,50731.55,12,15136.29,29.84,4.8,3.5,1349
PRD_710,Western Wear,Fashion,Women,West,Q2 2024,2024,73592.5,26,26698.0,36.28,7.6,3.7,1734
PRD_711,Western Wear,Fashion,Women,West,Q3 2024,2024,59880.28,25,15868.31,26.5,3.16,4.7,68
PRD_712,Western Wear,Fashion,Women,West,Q4 2024,2024,67429.84,59,23566.74,34.95,5.46,4.6,767
PRD_713,Western Wear,Fashion,Women,Central,Q1 2023,2023,28022.74,39,11183.32,39.91,7.31,4.1,1628
PRD_714,Western Wear,Fashion,Women,Central,Q2 2023,2023,20420.68,4,7203.44,35.28,2.64,4.4,648
PRD_715,Western Wear,Fashion,Women,Central,Q3 2023,2023,23308.1,5,8840.42,37.93,4.92,4.7,1100
PRD_716,Western Wear,Fashion,Women,Central,Q4 2023,2023,22556.88,14,8198.03,36.34,6.23,4.1,291
PRD_717,Western Wear,Fashion,Women,Central,Q1 2024,2024,19591.76,12,8072.0,41.2,2.78,4.4,582
PRD_718,Western Wear,Fashion,Women,Central,Q2 2024,2024,26774.6,8,11630.12,43.44,6.32,4.1,1098
PRD_719,Western Wear,Fashion,Women,Central,Q3 2024,2024,34027.61,22,13813.79,40.6,7.39,3.7,1053
PRD_720,Western Wear,Fashion,Women,Central,Q4 2024,2024,36838.3,7,15385.0,41.76,7.03,3.6,509
PRD_721,Footwear,Fashion,Women,North,Q1 2023,2023,44005.48,12,12894.6,29.3,2.5,3.7,969
PRD_722,Footwear,Fashion,Women,North,Q2 2023,2023,65241.45,25,19621.56,30.08,3.53,3.7,1730
PRD_723,Footwear,Fashion,Women,North,Q3 2023,2023,67440.1,13,25857.25,38.34,4.48,4.0,425
PRD_724,Footwear,Fashion,Women,North,Q4 2023,2023,57377.83,30,20178.29,35.17,3.21,4.1,498
PRD_725,Footwear,Fashion,Women,North,Q1 2024,2024,45801.29,15,13732.79,29.98,3.34,4.6,928
PRD_726,Footwear,Fashion,Women,North,Q2 2024,2024,54015.56,56,20342.32,37.66,6.16,4.2,1185
PRD_727,Footwear,Fashion,Women,North,Q3 2024,2024,58888.23,13,24512.61,41.63,3.2,3.7,1519
PRD_728,Footwear,Fashion,Women,North,Q4 2024,2024,54263.13,14,22595.5,41.64,7.01,4.0,687
PRD_729,Footwear,Fashion,Women,South,Q1 2023,2023,53127.77,18,17997.67,33.88,5.79,4.0,1175
PRD_730,Footwear,Fashion,Women,South,Q2 2023,2023,68082.04,19,22668.53,33.3,2.56,4.2,1899
PRD_731,Footwear,Fashion,Women,South,Q3 2023,2023,56055.21,15,14319.11,25.54,6.44,4.5,1852
PRD_732,Footwear,Fashion,Women,South,Q4 2023,2023,71177.48,57,26595.39,37.36,5.03,4.3,1318
PRD_733,Footwear,Fashion,Women,South,Q1 2024,2024,39741.33,11,12701.05,31.96,2.36,3.8,354
PRD_734,Footwear,Fashion,Women,South,Q2 2024,2024,46965.57,22,20146.99,42.9,4.06,3.8,1795
PRD_735,Footwear,Fashion,Women,South,Q3 2024,2024,72734.59,20,20333.06,27.96,7.2,4.4,1075
PRD_736,Footwear,Fashion,Women,South,Q4 2024,2024,61942.41,18,21807.93,35.21,7.35,4.7,1396
PRD_737,Footwear,Fashion,Women,East,Q1 2023,2023,25469.29,22,7451.02,29.25,2.69,3.5,1411
PRD_738,Footwear,Fashion,Women,East,Q2 2023,2023,41324.57,9,15443.81,37.37,6.47,4.3,1003
PRD_739,Footwear,Fashion,Women,East,Q3 2023,2023,29432.01,19,7992.53,27.16,6.69,4.4,736
PRD_740,Footwear,Fashion,Women,East,Q4 2023,2023,45437.6,19,20259.27,44.59,5.32,4.3,542
PRD_741,Footwear,Fashion,Women,East,Q1 2024,2024,34433.97,20,12774.84,37.1,4.49,3.9,1901
PRD_742,Footwear,Fashion,Women,East,Q2 2024,2024,33089.12,9,12698.45,38.38,7.35,3.5,1998
PRD_743,Footwear,Fashion,Women,East,Q3 2024,2024,42744.66,12,12105.33,28.32,5.06,4.0,1699
PRD_744,Footwear,Fashion,Women,East,Q4 2024,2024,39482.91,8,14046.52,35.58,6.37,3.8,1656
PRD_745,Footwear,Fashion,Women,West,Q1 2023,2023,46071.99,11,13474.24,29.25,7.05,3.8,564
PRD_746,Footwear,Fashion,Women,West,Q2 2023,2023,64961.43,22,19897.91,30.63,2.03,4.2,1641
PRD_747,Footwear,Fashion,Women,West,Q3 2023,2023,45840.22,53,12974.77,28.3,2.16,3.6,1541
PRD_748,Footwear,Fashion,Women,West,Q4 2023,2023,67684.9,13,17297.58,25.56,5.41,4.3,549
PRD_749,Footwear,Fashion,Women,West,Q1 2024,2024,69275.5,30,17335.15,25.02,2.8,3.9,77
PRD_750,Footwear,Fashion,Women,West,Q2 2024,2024,84654.21,26,31850.53,37.62,3.11,4.2,384
PRD_751,Footwear,Fashion,Women,West,Q3 2024,2024,50434.63,13,13955.07,27.67,4.09,3.7,1863
PRD_752,Footwear,Fashion,Women,West,Q4 2024,2024,47345.91,12,19234.16,40.62,7.64,3.6,493
PRD_753,Footwear,Fashion,Women,Central,Q1 2023,2023,19712.79,17,7495.56,38.02,3.48,4.2,1160
PRD_754,Footwear,Fashion,Women,Central,Q2 2023,2023,29947.4,15,11699.88,39.07,7.99,4.8,1200
PRD_755,Footwear,Fashion,Women,Central,Q3 2023,2023,31192.57,11,10214.67,32.75,3.2,3.6,1971
PRD_756,Footwear,Fashion,Women,Central,Q4 2023,2023,22004.62,5,8041.49,36.54,7.5,4.4,863
PRD_757,Footwear,Fashion,Women,Central,Q1 2024,2024,16559.75,22,4203.72,25.39,5.99,4.7,464
PRD_758,Footwear,Fashion,Women,Central,Q2 2024,2024,25954.63,22,8065.54,31.08,6.73,4.3,162
PRD_759,Footwear,Fashion,Women,Central,Q3 2024,2024,27616.46,13,10756.83,38.95,6.44,4.4,485
PRD_760,Footwear,Fashion,Women,Central,Q4 2024,2024,32441.65,16,8410.55,25.93,2.67,3.6,705
PRD_761,Bags,Fashion,Women,North,Q1 2023,2023,31856.87,28,11280.95,35.41,6.12,4.0,1474
PRD_762,Bags,Fashion,Women,North,Q2 2023,2023,47715.44,10,15273.54,32.01,4.69,4.7,242
PRD_763,Bags,Fashion,Women,North,Q3 2023,2023,57404.16,15,17520.18,30.52,6.37,3.7,1267
PRD_764,Bags,Fashion,Women,North,Q4 2023,2023,65937.25,27,26643.79,40.41,7.96,4.0,325
PRD_765,Bags,Fashion,Women,North,Q1 2024,2024,40617.49,10,12728.41,31.34,7.42,4.0,223
PRD_766,Bags,Fashion,Women,North,Q2 2024,2024,59575.42,14,16531.2,27.75,3.8,4.2,1904
PRD_767,Bags,Fashion,Women,North,Q3 2024,2024,44827.28,43,17223.56,38.42,6.12,4.0,1119
PRD_768,Bags,Fashion,Women,North,Q4 2024,2024,66126.2,15,21882.98,33.09,6.08,4.3,315
PRD_769,Bags,Fashion,Women,South,Q1 2023,2023,57975.98,115,22202.51,38.3,6.66,4.7,1372
PRD_770,Bags,Fashion,Women,South,Q2 2023,2023,52927.09,23,14785.17,27.93,6.2,3.6,330
PRD_771,Bags,Fashion,Women,South,Q3 2023,2023,47189.07,18,20348.78,43.12,5.59,4.2,1768
PRD_772,Bags,Fashion,Women,South,Q4 2023,2023,42884.49,11,15202.83,35.45,2.93,4.5,1327
PRD_773,Bags,Fashion,Women,South,Q1 2024,2024,51580.28,13,16361.35,31.72,5.08,3.8,658
PRD_774,Bags,Fashion,Women,South,Q2 2024,2024,70962.57,67,19546.08,27.54,3.74,3.9,1138
PRD_775,Bags,Fashion,Women,South,Q3 2024,2024,52542.3,14,18680.99,35.55,6.43,4.6,530
PRD_776,Bags,Fashion,Women,South,Q4 2024,2024,51831.47,25,20463.48,39.48,6.92,3.6,1161
PRD_777,Bags,Fashion,Women,East,Q1 2023,2023,31881.9,25,12714.29,39.88,2.94,4.3,1489
PRD_778,Bags,Fashion,Women,East,Q2 2023,2023,40080.94,18,14204.63,35.44,5.38,3.7,642
PRD_779,Bags,Fashion,Women,East,Q3 2023,2023,30445.16,7,11921.8,39.16,3.28,3.6,203
PRD_780,Bags,Fashion,Women,East,Q4 2023,2023,37458.26,22,9612.08,25.66,7.23,3.6,1830
PRD_781,Bags,Fashion,Women,East,Q1 2024,2024,24847.02,5,10666.37,42.93,4.29,4.6,224
PRD_782,Bags,Fashion,Women,East,Q2 2024,2024,42638.63,13,10801.66,25.33,6.08,3.6,1796
PRD_783,Bags,Fashion,Women,East,Q3 2024,2024,42208.0,61,15893.36,37.65,2.92,4.1,1085
PRD_784,Bags,Fashion,Women,East,Q4 2024,2024,34943.44,14,9504.27,27.2,3.3,4.6,144
PRD_785,Bags,Fashion,Women,West,Q1 2023,2023,38055.61,13,11848.73,31.14,6.75,3.8,118
PRD_786,Bags,Fashion,Women,West,Q2 2023,2023,48508.06,50,13366.08,27.55,2.17,4.1,531
PRD_787,Bags,Fashion,Women,West,Q3 2023,2023,49130.26,19,21182.78,43.12,5.52,4.7,1116
PRD_788,Bags,Fashion,Women,West,Q4 2023,2023,65760.06,23,28633.94,43.54,5.12,4.0,1464
PRD_789,Bags,Fashion,Women,West,Q1 2024,2024,70564.73,41,19409.06,27.51,4.53,3.5,1258
PRD_790,Bags,Fashion,Women,West,Q2 2024,2024,62652.59,18,25393.73,40.53,7.26,4.2,529
PRD_791,Bags,Fashion,Women,West,Q3 2024,2024,55038.89,20,19216.99,34.92,3.39,4.5,1587
PRD_792,Bags,Fashion,Women,West,Q4 2024,2024,69737.28,14,31068.88,44.55,3.26,4.4,582
PRD_793,Bags,Fashion,Women,Central,Q1 2023,2023,20493.09,23,7757.34,37.85,4.06,4.4,750
PRD_794,Bags,Fashion,Women,Central,Q2 2023,2023,25857.64,7,9335.18,36.1,5.9,3.6,823
PRD_795,Bags,Fashion,Women,Central,Q3 2023,2023,26351.01,11,10578.73,40.15,5.57,4.0,1991
PRD_796,Bags,Fashion,Women,Central,Q4 2023,2023,27108.35,12,11300.55,41.69,4.9,4.0,1859
PRD_797,Bags,Fashion,Women,Central,Q1 2024,2024,22479.68,7,8880.55,39.5,3.36,4.2,601
PRD_798,Bags,Fashion,Women,Central,Q2 2024,2024,21139.27,4,5476.51,25.91,7.77,4.8,1219
PRD_799,Bags,Fashion,Women,Central,Q3 2024,2024,35759.88,12,8976.69,25.1,6.17,4.3,1991
PRD_800,Bags,Fashion,Women,Central,Q4 2024,2024,26134.31,7,6810.53,26.06,3.9,4.4,1871
PRD_801,Boys Wear,Fashion,Kids,North,Q1 2023,2023,35682.92,11,10019.65,28.08,6.66,4.0,1180
PRD_802,Boys Wear,Fashion,Kids,North,Q2 2023,2023,39472.29,12,16905.02,42.83,3.16,4.4,757
PRD_803,Boys Wear,Fashion,Kids,North,Q3 2023,2023,40436.64,23,13424.52,33.2,3.86,4.7,1385
PRD_804,Boys Wear,Fashion,Kids,North,Q4 2023,2023,41479.81,29,13388.12,32.28,7.4,4.6,1938
PRD_805,Boys Wear,Fashion,Kids,North,Q1 2024,2024,36124.8,7,16227.95,44.92,3.1,3.8,1378
PRD_806,Boys Wear,Fashion,Kids,North,Q2 2024,2024,67758.99,63,30291.62,44.7,3.82,4.6,922
PRD_807,Boys Wear,Fashion,Kids,North,Q3 2024,2024,69346.63,20,21108.42,30.44,4.77,4.2,1289
PRD_808,Boys Wear,Fashion,Kids,North,Q4 2024,2024,60798.1,15,21879.34,35.99,5.39,3.6,593
PRD_809,Boys Wear,Fashion,Kids,South,Q1 2023,2023,58190.11,41,23355.66,40.14,7.91,4.2,1906
PRD_810,Boys Wear,Fashion,Kids,South,Q2 2023,2023,65757.01,82,17840.1,27.13,6.97,3.9,1896
PRD_811,Boys Wear,Fashion,Kids,South,Q3 2023,2023,52534.78,10,14233.88,27.09,5.37,4.3,922
PRD_812,Boys Wear,Fashion,Kids,South,Q4 2023,2023,48295.24,13,20463.13,42.37,3.68,4.0,126
PRD_813,Boys Wear,Fashion,Kids,South,Q1 2024,2024,58403.5,13,20733.67,35.5,3.07,4.1,1259
PRD_814,Boys Wear,Fashion,Kids,South,Q2 2024,2024,72287.75,66,20112.54,27.82,5.68,4.1,1687
PRD_815,Boys Wear,Fashion,Kids,South,Q3 2024,2024,50557.56,85,20561.6,40.67,6.28,4.8,220
PRD_816,Boys Wear,Fashion,Kids,South,Q4 2024,2024,59445.18,19,22945.95,38.6,6.3,4.6,1738
PRD_817,Boys Wear,Fashion,Kids,East,Q1 2023,2023,23952.19,6,10767.47,44.95,5.51,4.3,1509
PRD_818,Boys Wear,Fashion,Kids,East,Q2 2023,2023,41069.93,8,16392.09,39.91,5.07,4.5,760
PRD_819,Boys Wear,Fashion,Kids,East,Q3 2023,2023,42433.11,34,14822.0,34.93,4.8,3.5,812
PRD_820,Boys Wear,Fashion,Kids,East,Q4 2023,2023,38392.69,52,16233.53,42.28,3.26,4.1,1911
PRD_821,Boys Wear,Fashion,Kids,East,Q1 2024,2024,32168.48,8,12093.8,37.6,5.57,3.7,1885
PRD_822,Boys Wear,Fashion,Kids,East,Q2 2024,2024,42224.83,17,16313.66,38.64,6.24,3.5,1832
PRD_823,Boys Wear,Fashion,Kids,East,Q3 2024,2024,47010.43,33,18894.01,40.19,5.9,4.0,948
PRD_824,Boys Wear,Fashion,Kids,East,Q4 2024,2024,32164.57,16,8394.43,26.1,5.79,4.0,1192
PRD_825,Boys Wear,Fashion,Kids,West,Q1 2023,2023,43429.69,20,13040.9,30.03,7.59,4.0,488
PRD_826,Boys Wear,Fashion,Kids,West,Q2 2023,2023,49309.64,60,17950.43,36.4,3.65,4.8,76
PRD_827,Boys Wear,Fashion,Kids,West,Q3 2023,2023,46683.85,16,15264.78,32.7,3.14,3.9,1011
PRD_828,Boys Wear,Fashion,Kids,West,Q4 2023,2023,45619.57,54,11540.43,25.3,2.87,4.8,1626
PRD_829,Boys Wear,Fashion,Kids,West,Q1 2024,2024,44501.81,9,11616.5,26.1,7.93,3.7,577
PRD_830,Boys Wear,Fashion,Kids,West,Q2 2024,2024,60558.89,29,18632.19,30.77,5.46,4.1,932
PRD_831,Boys Wear,Fashion,Kids,West,Q3 2024,2024,49791.6,43,15518.59,31.17,3.27,4.3,254
PRD_832,Boys Wear,Fashion,Kids,West,Q4 2024,2024,75561.06,35,26367.23,34.9,3.3,4.2,856
PRD_833,Boys Wear,Fashion,Kids,Central,Q1 2023,2023,16191.16,14,6123.83,37.82,7.45,3.9,834
PRD_834,Boys Wear,Fashion,Kids,Central,Q2 2023,2023,23860.35,6,6407.39,26.85,6.47,4.1,560
PRD_835,Boys Wear,Fashion,Kids,Central,Q3 2023,2023,22851.23,6,10267.14,44.93,2.88,4.2,366
PRD_836,Boys Wear,Fashion,Kids,Central,Q4 2023,2023,23629.3,11,7101.39,30.05,4.28,4.6,1676
PRD_837,Boys Wear,Fashion,Kids,Central,Q1 2024,2024,28709.29,10,9514.94,33.14,5.0,3.7,1017
PRD_838,Boys Wear,Fashion,Kids,Central,Q2 2024,2024,24496.45,5,9288.82,37.92,5.84,3.9,1303
PRD_839,Boys Wear,Fashion,Kids,Central,Q3 2024,2024,24607.64,9,7360.16,29.91,4.22,4.3,1814
PRD_840,Boys Wear,Fashion,Kids,Central,Q4 2024,2024,28895.64,13,12848.74,44.47,7.99,4.6,1625
PRD_841,Girls Wear,Fashion,Kids,North,Q1 2023,2023,37294.98,10,15327.2,41.1,5.54,3.9,922
PRD_842,Girls Wear,Fashion,Kids,North,Q2 2023,2023,56554.28,17,19605.45,34.67,5.26,3.7,1177
PRD_843,Girls Wear,Fashion,Kids,North,Q3 2023,2023,53835.0,39,20644.34,38.35,5.53,3.7,1762
PRD_844,Girls Wear,Fashion,Kids,North,Q4 2023,2023,68065.24,15,24871.95,36.54,7.57,3.8,786
PRD_845,Girls Wear,Fashion,Kids,North,Q1 2024,2024,51919.11,15,21860.24,42.1,4.44,3.6,466
PRD_846,Girls Wear,Fashion,Kids,North,Q2 2024,2024,45531.36,20,16860.12,37.03,5.67,3.8,1802
PRD_847,Girls Wear,Fashion,Kids,North,Q3 2024,2024,54051.34,18,23640.73,43.74,2.93,3.6,1565
PRD_848,Girls Wear,Fashion,Kids,North,Q4 2024,2024,62963.36,19,27845.64,44.23,5.76,3.7,397
PRD_849,Girls Wear,Fashion,Kids,South,Q1 2023,2023,57625.85,18,22961.69,39.85,7.88,3.5,575
PRD_850,Girls Wear,Fashion,Kids,South,Q2 2023,2023,61282.09,12,22737.81,37.1,6.28,4.8,1818
PRD_851,Girls Wear,Fashion,Kids,South,Q3 2023,2023,42796.17,10,14124.16,33.0,3.85,4.6,1988
PRD_852,Girls Wear,Fashion,Kids,South,Q4 2023,2023,64296.47,21,23441.43,36.46,7.77,4.2,1851
PRD_853,Girls Wear,Fashion,Kids,South,Q1 2024,2024,38561.59,23,11842.99,30.71,3.59,4.3,1090
PRD_854,Girls Wear,Fashion,Kids,South,Q2 2024,2024,78636.03,34,23050.59,29.31,5.44,4.5,269
PRD_855,Girls Wear,Fashion,Kids,South,Q3 2024,2024,48151.84,15,12683.8,26.34,4.8,4.5,1940
PRD_856,Girls Wear,Fashion,Kids,South,Q4 2024,2024,73553.29,95,18587.12,25.27,5.6,4.1,1152
PRD_857,Girls Wear,Fashion,Kids,East,Q1 2023,2023,22812.54,4,8525.21,37.37,2.09,4.5,590
PRD_858,Girls Wear,Fashion,Kids,East,Q2 2023,2023,32499.9,11,8265.38,25.43,4.92,3.5,1807
PRD_859,Girls Wear,Fashion,Kids,East,Q3 2023,2023,40391.4,23,16772.94,41.53,6.26,4.7,306
PRD_860,Girls Wear,Fashion,Kids,East,Q4 2023,2023,29800.52,30,7933.24,26.62,4.4,3.8,1868
PRD_861,Girls Wear,Fashion,Kids,East,Q1 2024,2024,33626.74,8,11282.93,33.55,3.84,3.6,1072
PRD_862,Girls Wear,Fashion,Kids,East,Q2 2024,2024,45432.98,52,14149.24,31.14,4.43,4.4,250
PRD_863,Girls Wear,Fashion,Kids,East,Q3 2024,2024,36769.97,14,15948.18,43.37,5.43,4.3,1325
PRD_864,Girls Wear,Fashion,Kids,East,Q4 2024,2024,28291.2,44,10215.63,36.11,5.82,4.3,1892
PRD_865,Girls Wear,Fashion,Kids,West,Q1 2023,2023,66140.21,47,24833.69,37.55,7.13,4.6,441
PRD_866,Girls Wear,Fashion,Kids,West,Q2 2023,2023,63727.46,53,18705.42,29.35,4.46,3.9,439
PRD_867,Girls Wear,Fashion,Kids,West,Q3 2023,2023,44555.65,25,14329.29,32.16,7.9,4.1,1567
PRD_868,Girls Wear,Fashion,Kids,West,Q4 2023,2023,52985.82,12,21999.57,41.52,3.14,3.8,955
PRD_869,Girls Wear,Fashion,Kids,West,Q1 2024,2024,64806.11,41,16230.89,25.05,6.37,3.5,1052
PRD_870,Girls Wear,Fashion,Kids,West,Q2 2024,2024,51172.99,14,17069.4,33.36,3.9,4.5,1238
PRD_871,Girls Wear,Fashion,Kids,West,Q3 2024,2024,50848.43,11,22001.93,43.27,7.78,3.6,468
PRD_872,Girls Wear,Fashion,Kids,West,Q4 2024,2024,59489.66,28,22076.18,37.11,4.62,4.3,582
PRD_873,Girls Wear,Fashion,Kids,Central,Q1 2023,2023,18983.93,4,4757.56,25.06,7.11,4.3,1399
PRD_874,Girls Wear,Fashion,Kids,Central,Q2 2023,2023,30616.98,7,13071.93,42.7,4.15,3.9,293
PRD_875,Girls Wear,Fashion,Kids,Central,Q3 2023,2023,19182.39,15,7522.6,39.22,5.93,4.0,1784
PRD_876,Girls Wear,Fashion,Kids,Central,Q4 2023,2023,18495.02,6,6692.01,36.18,3.1,4.4,347
PRD_877,Girls Wear,Fashion,Kids,Central,Q1 2024,2024,30168.08,16,9837.26,32.61,2.95,4.3,1116
PRD_878,Girls Wear,Fashion,Kids,Central,Q2 2024,2024,29545.87,9,11450.88,38.76,3.04,3.5,1874
PRD_879,Girls Wear,Fashion,Kids,Central,Q3 2024,2024,21533.48,5,9684.05,44.97,6.27,4.8,640
PRD_880,Girls Wear,Fashion,Kids,Central,Q4 2024,2024,33351.14,7,11296.8,33.87,5.43,3.7,1897
PRD_881,School Uniforms,Fashion,Kids,North,Q1 2023,2023,38874.6,12,13712.49,35.27,5.76,4.4,1361
PRD_882,School Uniforms,Fashion,Kids,North,Q2 2023,2023,65681.92,22,26422.69,40.23,7.41,4.2,1868
PRD_883,School Uniforms,Fashion,Kids,North,Q3 2023,2023,57332.12,15,20601.93,35.93,5.11,4.3,835
PRD_884,School Uniforms,Fashion,Kids,North,Q4 2023,2023,51057.61,12,21817.2,42.73,2.67,4.7,717
PRD_885,School Uniforms,Fashion,Kids,North,Q1 2024,2024,56054.37,16,24209.48,43.19,6.23,3.9,560
PRD_886,School Uniforms,Fashion,Kids,North,Q2 2024,2024,71076.3,18,25437.26,35.79,5.29,3.5,1354
PRD_887,School Uniforms,Fashion,Kids,North,Q3 2024,2024,55938.78,66,16289.34,29.12,5.88,4.7,1363
PRD_888,School Uniforms,Fashion,Kids,North,Q4 2024,2024,61295.53,20,22829.9,37.25,2.55,4.2,401
PRD_889,School Uniforms,Fashion,Kids,South,Q1 2023,2023,40792.62,28,10374.39,25.43,7.4,3.6,1512
PRD_890,School Uniforms,Fashion,Kids,South,Q2 2023,2023,57067.56,15,22500.38,39.43,6.33,4.4,736
PRD_891,School Uniforms,Fashion,Kids,South,Q3 2023,2023,41369.14,9,13550.96,32.76,6.63,4.0,1383
PRD_892,School Uniforms,Fashion,Kids,South,Q4 2023,2023,51288.0,25,17913.18,34.93,2.59,4.7,1495
PRD_893,School Uniforms,Fashion,Kids,South,Q1 2024,2024,60674.9,43,24473.67,40.34,7.0,3.9,97
PRD_894,School Uniforms,Fashion,Kids,South,Q2 2024,2024,43511.64,18,14474.74,33.27,7.8,4.4,316
PRD_895,School Uniforms,Fashion,Kids,South,Q3 2024,2024,56523.84,56,19060.6,33.72,6.57,3.7,357
PRD_896,School Uniforms,Fashion,Kids,South,Q4 2024,2024,50634.02,19,17645.07,34.85,5.76,3.8,168
PRD_897,School Uniforms,Fashion,Kids,East,Q1 2023,2023,36961.46,8,15898.24,43.01,6.99,4.3,391
PRD_898,School Uniforms,Fashion,Kids,East,Q2 2023,2023,39311.17,36,14781.03,37.6,6.46,4.2,1842
PRD_899,School Uniforms,Fashion,Kids,East,Q3 2023,2023,38574.51,7,16737.53,43.39,5.9,3.7,73
PRD_900,School Uniforms,Fashion,Kids,East,Q4 2023,2023,32090.0,11,14410.65,44.91,7.4,4.5,1011
PRD_901,School Uniforms,Fashion,Kids,East,Q1 2024,2024,36736.17,17,14892.43,40.54,2.72,3.5,1262
PRD_902,School Uniforms,Fashion,Kids,East,Q2 2024,2024,41527.02,11,18326.98,44.13,2.91,4.6,1017
PRD_903,School Uniforms,Fashion,Kids,East,Q3 2024,2024,44441.95,35,18292.59,41.16,6.27,3.9,1642
PRD_904,School Uniforms,Fashion,Kids,East,Q4 2024,2024,30587.48,26,12794.96,41.83,2.19,3.7,1695
PRD_905,School Uniforms,Fashion,Kids,West,Q1 2023,2023,47930.68,12,14350.76,29.94,7.57,3.9,85
PRD_906,School Uniforms,Fashion,Kids,West,Q2 2023,2023,75335.48,21,25298.96,33.58,7.81,4.8,1778
PRD_907,School Uniforms,Fashion,Kids,West,Q3 2023,2023,66278.02,37,27330.7,41.24,4.9,3.7,1626
PRD_908,School Uniforms,Fashion,Kids,West,Q4 2023,2023,67013.42,26,29297.68,43.72,4.01,4.3,296
PRD_909,School Uniforms,Fashion,Kids,West,Q1 2024,2024,64364.68,13,26669.46,41.43,7.18,4.3,1434
PRD_910,School Uniforms,Fashion,Kids,West,Q2 2024,2024,52926.81,34,22896.8,43.26,7.52,3.7,717
PRD_911,School Uniforms,Fashion,Kids,West,Q3 2024,2024,64593.67,44,25682.67,39.76,6.56,4.5,1131
PRD_912,School Uniforms,Fashion,Kids,West,Q4 2024,2024,57687.03,27,25672.25,44.5,3.96,3.7,1631
PRD_913,School Uniforms,Fashion,Kids,Central,Q1 2023,2023,16597.31,11,4156.16,25.04,4.94,4.5,466
PRD_914,School Uniforms,Fashion,Kids,Central,Q2 2023,2023,33726.01,34,13143.04,38.97,5.46,3.9,405
PRD_915,School Uniforms,Fashion,Kids,Central,Q3 2023,2023,30158.54,6,8213.21,27.23,4.88,4.6,1066
PRD_916,School Uniforms,Fashion,Kids,Central,Q4 2023,2023,33921.08,10,8871.38,26.15,4.57,4.3,137
PRD_917,School Uniforms,Fashion,Kids,Central,Q1 2024,2024,24032.89,5,9579.58,39.86,5.23,4.7,278
PRD_918,School Uniforms,Fashion,Kids,Central,Q2 2024,2024,31325.93,9,10619.17,33.9,7.43,4.0,1730
PRD_919,School Uniforms,Fashion,Kids,Central,Q3 2024,2024,27683.23,6,11581.99,41.84,3.04,3.8,1584
PRD_920,School Uniforms,Fashion,Kids,Central,Q4 2024,2024,33936.45,12,11837.83,34.88,3.24,4.3,385
PRD_921,Toys,Fashion,Kids,North,Q1 2023,2023,55833.02,18,23101.97,41.38,5.31,4.7,1694
PRD_922,Toys,Fashion,Kids,North,Q2 2023,2023,47451.05,52,21110.98,44.49,2.48,3.5,1106
PRD_923,Toys,Fashion,Kids,North,Q3 2023,2023,60060.18,27,25496.9,42.45,6.63,3.7,644
PRD_924,Toys,Fashion,Kids,North,Q4 2023,2023,55953.97,14,14204.35,25.39,7.22,4.1,1120
PRD_925,Toys,Fashion,Kids,North,Q1 2024,2024,35083.7,9,10085.57,28.75,3.05,3.9,1868
PRD_926,Toys,Fashion,Kids,North,Q2 2024,2024,69626.64,33,20240.34,29.07,2.61,4.6,924
PRD_927,Toys,Fashion,Kids,North,Q3 2024,2024,58501.36,12,23819.87,40.72,4.1,4.4,1818
PRD_928,Toys,Fashion,Kids,North,Q4 2024,2024,63360.26,27,28370.51,44.78,2.53,4.7,1952
PRD_929,Toys,Fashion,Kids,South,Q1 2023,2023,33476.42,25,11718.71,35.01,3.84,3.9,956
PRD_930,Toys,Fashion,Kids,South,Q2 2023,2023,41994.57,12,12907.8,30.74,7.47,4.5,435
PRD_931,Toys,Fashion,Kids,South,Q3 2023,2023,68963.07,31,24617.32,35.7,2.16,4.4,439
PRD_932,Toys,Fashion,Kids,South,Q4 2023,2023,42105.33,35,12661.34,30.07,5.57,4.7,450
PRD_933,Toys,Fashion,Kids,South,Q1 2024,2024,56867.75,16,24055.51,42.3,6.32,4.0,1279
PRD_934,Toys,Fashion,Kids,South,Q2 2024,2024,56590.92,11,20680.82,36.54,7.03,3.7,446
PRD_935,Toys,Fashion,Kids,South,Q3 2024,2024,49877.15,10,15791.56,31.66,3.95,4.5,1056
PRD_936,Toys,Fashion,Kids,South,Q4 2024,2024,52655.6,10,18757.92,35.62,5.09,3.8,416
PRD_937,Toys,Fashion,Kids,East,Q1 2023,2023,33657.48,13,12718.74,37.79,2.88,3.8,441
PRD_938,Toys,Fashion,Kids,East,Q2 2023,2023,33063.6,23,8292.13,25.08,5.61,3.9,1002
PRD_939,Toys,Fashion,Kids,East,Q3 2023,2023,28257.98,51,11836.45,41.89,5.72,3.7,983
PRD_940,Toys,Fashion,Kids,East,Q4 2023,2023,29285.59,8,8316.3,28.4,2.27,4.0,1532
PRD_941,Toys,Fashion,Kids,East,Q1 2024,2024,40279.93,11,11769.82,29.22,5.08,4.7,909
PRD_942,Toys,Fashion,Kids,East,Q2 2024,2024,35180.11,33,11692.52,33.24,4.83,3.9,1759
PRD_943,Toys,Fashion,Kids,East,Q3 2024,2024,34906.48,24,10081.21,28.88,3.46,4.0,173
PRD_944,Toys,Fashion,Kids,East,Q4 2024,2024,29619.65,12,7888.45,26.63,3.45,3.9,693
PRD_945,Toys,Fashion,Kids,West,Q1 2023,2023,46002.19,11,20091.74,43.68,3.63,3.9,571
PRD_946,Toys,Fashion,Kids,West,Q2 2023,2023,64118.08,52,17096.9,26.66,2.27,4.2,451
PRD_947,Toys,Fashion,Kids,West,Q3 2023,2023,60583.71,77,20634.67,34.06,5.45,4.7,1767
PRD_948,Toys,Fashion,Kids,West,Q4 2023,2023,63424.35,37,16696.39,26.32,6.56,4.0,926
PRD_949,Toys,Fashion,Kids,West,Q1 2024,2024,53746.22,18,17347.21,32.28,4.58,4.5,1413
PRD_950,Toys,Fashion,Kids,West,Q2 2024,2024,84494.83,28,33418.53,39.55,7.94,4.4,715
PRD_951,Toys,Fashion,Kids,West,Q3 2024,2024,75229.35,23,33163.62,44.08,4.05,4.7,432
PRD_952,Toys,Fashion,Kids,West,Q4 2024,2024,81296.13,17,34651.68,42.62,6.27,4.3,834
PRD_953,Toys,Fashion,Kids,Central,Q1 2023,2023,17878.2,7,7311.31,40.9,2.0,4.4,635
PRD_954,Toys,Fashion,Kids,Central,Q2 2023,2023,33367.49,9,8909.89,26.7,7.04,4.7,1263
PRD_955,Toys,Fashion,Kids,Central,Q3 2023,2023,33203.15,10,14609.92,44.0,3.91,4.2,533
PRD_956,Toys,Fashion,Kids,Central,Q4 2023,2023,30164.47,35,8921.73,29.58,3.44,4.3,72
PRD_957,Toys,Fashion,Kids,Central,Q1 2024,2024,18018.69,5,5855.35,32.5,5.3,3.7,1412
PRD_958,Toys,Fashion,Kids,Central,Q2 2024,2024,25338.64,14,9204.99,36.33,6.58,4.6,1420
PRD_959,Toys,Fashion,Kids,Central,Q3 2024,2024,28060.86,11,11881.29,42.34,6.29,4.6,681
PRD_960,Toys,Fashion,Kids,Central,Q4 2024,2024,30707.42,13,8954.49,29.16,7.44,3.7,708
PRD_961,Sofas,Home & Living,Furniture,North,Q1 2023,2023,35102.79,23,10657.28,30.36,1.87,4.0,1028
PRD_962,Sofas,Home & Living,Furniture,North,Q2 2023,2023,31483.23,8,8657.43,27.5,2.97,4.5,1497
PRD_963,Sofas,Home & Living,Furniture,North,Q3 2023,2023,24233.98,5,6184.97,25.52,1.24,3.6,210
PRD_964,Sofas,Home & Living,Furniture,North,Q4 2023,2023,37850.72,26,9248.73,24.43,3.55,4.1,982
PRD_965,Sofas,Home & Living,Furniture,North,Q1 2024,2024,34283.7,18,8811.73,25.7,2.74,4.3,1833
PRD_966,Sofas,Home & Living,Furniture,North,Q2 2024,2024,40958.44,26,12951.43,31.62,1.1,4.1,1773
PRD_967,Sofas,Home & Living,Furniture,North,Q3 2024,2024,26553.83,5,5607.99,21.12,1.77,3.8,1572
PRD_968,Sofas,Home & Living,Furniture,North,Q4 2024,2024,48346.82,59,11330.01,23.43,3.29,4.3,347
PRD_969,Sofas,Home & Living,Furniture,South,Q1 2023,2023,40857.6,8,12870.83,31.5,1.18,4.4,528
PRD_970,Sofas,Home & Living,Furniture,South,Q2 2023,2023,38341.5,16,8798.54,22.95,3.34,4.6,303
PRD_971,Sofas,Home & Living,Furniture,South,Q3 2023,2023,32900.45,10,7475.56,22.72,2.21,4.1,1344
PRD_972,Sofas,Home & Living,Furniture,South,Q4 2023,2023,42860.43,9,13727.71,32.03,2.31,4.3,1295
PRD_973,Sofas,Home & Living,Furniture,South,Q1 2024,2024,29320.7,11,7842.04,26.75,1.11,3.6,986
PRD_974,Sofas,Home & Living,Furniture,South,Q2 2024,2024,43174.85,21,12118.17,28.07,2.59,3.7,1927
PRD_975,Sofas,Home & Living,Furniture,South,Q3 2024,2024,28652.74,10,7058.43,24.63,1.46,4.8,549
PRD_976,Sofas,Home & Living,Furniture,South,Q4 2024,2024,33944.85,7,8051.88,23.72,1.66,4.7,1223
PRD_977,Sofas,Home & Living,Furniture,East,Q1 2023,2023,15322.24,5,4244.0,27.7,3.9,3.7,304
PRD_978,Sofas,Home & Living,Furniture,East,Q2 2023,2023,22456.96,10,7844.45,34.93,1.96,3.8,193
PRD_979,Sofas,Home & Living,Furniture,East,Q3 2023,2023,16647.17,4,5436.88,32.66,1.86,4.3,946
PRD_980,Sofas,Home & Living,Furniture,East,Q4 2023,2023,29661.03,9,9651.03,32.54,2.9,4.3,1468
PRD_981,Sofas,Home & Living,Furniture,East,Q1 2024,2024,21896.72,6,5482.93,25.04,3.66,3.9,1646
PRD_982,Sofas,Home & Living,Furniture,East,Q2 2024,2024,18672.06,23,5218.51,27.95,3.32,3.5,1511
PRD_983,Sofas,Home & Living,Furniture,East,Q3 2024,2024,28704.21,6,7201.76,25.09,3.46,4.2,533
PRD_984,Sofas,Home & Living,Furniture,East,Q4 2024,2024,24605.84,9,6813.13,27.69,1.54,3.9,1694
PRD_985,Sofas,Home & Living,Furniture,West,Q1 2023,2023,26283.83,7,8899.26,33.86,3.11,4.6,147
PRD_986,Sofas,Home & Living,Furniture,West,Q2 2023,2023,46840.38,14,11554.7,24.67,3.75,3.9,1881
PRD_987,Sofas,Home & Living,Furniture,West,Q3 2023,2023,47343.14,13,12412.49,26.22,2.81,4.4,1158
PRD_988,Sofas,Home & Living,Furniture,West,Q4 2023,2023,49204.41,16,11122.58,22.6,3.6,3.7,1038
PRD_989,Sofas,Home & Living,Furniture,West,Q1 2024,2024,35117.56,20,10927.5,31.12,3.58,3.7,598
PRD_990,Sofas,Home & Living,Furniture,West,Q2 2024,2024,33926.08,17,6882.91,20.29,1.77,3.6,1770
PRD_991,Sofas,Home & Living,Furniture,West,Q3 2024,2024,47716.12,11,15092.22,31.63,1.88,4.0,1277
PRD_992,Sofas,Home & Living,Furniture,West,Q4 2024,2024,54399.28,12,12494.34,22.97,2.65,4.3,622
PRD_993,Sofas,Home & Living,Furniture,Central,Q1 2023,2023,16725.37,10,4512.76,26.98,3.74,4.1,704
PRD_994,Sofas,Home & Living,Furniture,Central,Q2 2023,2023,18250.2,7,4188.06,22.95,2.31,4.2,793
PRD_995,Sofas,Home & Living,Furniture,Central,Q3 2023,2023,16906.19,7,5085.05,30.08,3.59,4.2,842
PRD_996,Sofas,Home & Living,Furniture,Central,Q4 2023,2023,15762.85,8,4834.31,30.67,2.64,4.6,1010
PRD_997,Sofas,Home & Living,Furniture,Central,Q1 2024,2024,16858.37,7,4238.76,25.14,3.3,4.0,320
PRD_998,Sofas,Home & Living,Furniture,Central,Q2 2024,2024,18207.98,3,5011.57,27.52,3.8,4.2,1717
PRD_999,Sofas,Home & Living,Furniture,Central,Q3 2024,2024,13207.06,11,3236.22,24.5,3.83,4.7,515
PRD_1000,Sofas,Home & Living,Furniture,Central,Q4 2024,2024,23707.7,5,6320.33,26.66,1.84,3.7,1985
PRD_1001,Beds,Home & Living,Furniture,North,Q1 2023,2023,22916.0,18,6935.8,30.27,2.8,4.7,1345
PRD_1002,Beds,Home & Living,Furniture,North,Q2 2023,2023,33956.1,10,7585.07,22.34,1.02,4.7,1038
PRD_1003,Beds,Home & Living,Furniture,North,Q3 2023,2023,35506.36,8,7468.45,21.03,2.57,3.9,695
PRD_1004,Beds,Home & Living,Furniture,North,Q4 2023,2023,38474.69,10,8644.4,22.47,3.89,4.3,471
PRD_1005,Beds,Home & Living,Furniture,North,Q1 2024,2024,32094.72,28,8031.76,25.03,2.77,4.0,683
PRD_1006,Beds,Home & Living,Furniture,North,Q2 2024,2024,28521.22,8,9520.44,33.38,2.39,3.6,1748
PRD_1007,Beds,Home & Living,Furniture,North,Q3 2024,2024,38392.43,25,11176.77,29.11,2.9,3.6,237
PRD_1008,Beds,Home & Living,Furniture,North,Q4 2024,2024,48641.91,11,10825.73,22.26,2.53,3.6,275
PRD_1009,Beds,Home & Living,Furniture,South,Q1 2023,2023,35079.17,54,7471.31,21.3,3.54,4.4,1363
PRD_1010,Beds,Home & Living,Furniture,South,Q2 2023,2023,36867.9,17,8160.29,22.13,2.25,3.9,332
PRD_1011,Beds,Home & Living,Furniture,South,Q3 2023,2023,37102.96,21,9054.74,24.4,1.09,4.6,1149
PRD_1012,Beds,Home & Living,Furniture,South,Q4 2023,2023,42149.52,32,8993.52,21.34,3.5,4.1,172
PRD_1013,Beds,Home & Living,Furniture,South,Q1 2024,2024,36943.47,8,10062.4,27.24,3.57,4.5,336
PRD_1014,Beds,Home & Living,Furniture,South,Q2 2024,2024,37324.35,10,8852.36,23.72,1.2,4.1,390
PRD_1015,Beds,Home & Living,Furniture,South,Q3 2024,2024,39304.22,9,12722.76,32.37,1.98,4.3,1144
PRD_1016,Beds,Home & Living,Furniture,South,Q4 2024,2024,50925.69,13,16502.52,32.41,3.4,4.7,1393
PRD_1017,Beds,Home & Living,Furniture,East,Q1 2023,2023,26319.23,9,7041.98,26.76,3.32,3.8,721
PRD_1018,Beds,Home & Living,Furniture,East,Q2 2023,2023,22054.58,6,6154.09,27.9,2.49,4.8,359
PRD_1019,Beds,Home & Living,Furniture,East,Q3 2023,2023,26054.59,6,6676.56,25.63,2.83,4.5,1906
PRD_1020,Beds,Home & Living,Furniture,East,Q4 2023,2023,26202.42,9,9119.29,34.8,3.16,4.2,963
PRD_1021,Beds,Home & Living,Furniture,East,Q1 2024,2024,26171.73,5,6274.53,23.97,3.35,4.7,292
PRD_1022,Beds,Home & Living,Furniture,East,Q2 2024,2024,17533.86,9,5588.08,31.87,2.19,4.3,1393
PRD_1023,Beds,Home & Living,Furniture,East,Q3 2024,2024,19961.89,4,5863.35,29.37,3.23,3.6,1525
PRD_1024,Beds,Home & Living,Furniture,East,Q4 2024,2024,21565.54,5,6808.76,31.57,1.0,4.4,947
PRD_1025,Beds,Home & Living,Furniture,West,Q1 2023,2023,34921.65,8,10367.26,29.69,3.71,3.5,1704
PRD_1026,Beds,Home & Living,Furniture,West,Q2 2023,2023,26621.09,6,8711.57,32.72,3.33,4.1,1545
PRD_1027,Beds,Home & Living,Furniture,West,Q3 2023,2023,25743.01,12,5873.65,22.82,1.25,3.6,574
PRD_1028,Beds,Home & Living,Furniture,West,Q4 2023,2023,48014.85,12,11861.31,24.7,3.83,4.1,888
PRD_1029,Beds,Home & Living,Furniture,West,Q1 2024,2024,49331.47,11,12675.45,25.69,3.8,3.9,175
PRD_1030,Beds,Home & Living,Furniture,West,Q2 2024,2024,50307.1,17,12912.14,25.67,3.41,3.9,1732
PRD_1031,Beds,Home & Living,Furniture,West,Q3 2024,2024,30065.99,45,6899.57,22.95,3.94,4.8,677
PRD_1032,Beds,Home & Living,Furniture,West,Q4 2024,2024,42182.71,8,8889.66,21.07,1.48,3.5,1554
PRD_1033,Beds,Home & Living,Furniture,Central,Q1 2023,2023,11288.98,2,2410.44,21.35,2.42,4.6,677
PRD_1034,Beds,Home & Living,Furniture,Central,Q2 2023,2023,12903.3,3,3777.37,29.27,1.98,4.2,1099
PRD_1035,Beds,Home & Living,Furniture,Central,Q3 2023,2023,18013.68,9,4766.89,26.46,2.02,4.8,1234
PRD_1036,Beds,Home & Living,Furniture,Central,Q4 2023,2023,20457.49,5,7063.34,34.53,3.19,4.4,734
PRD_1037,Beds,Home & Living,Furniture,Central,Q1 2024,2024,21930.42,19,6909.04,31.5,2.2,4.4,950
PRD_1038,Beds,Home & Living,Furniture,Central,Q2 2024,2024,22747.85,33,4778.24,21.01,2.44,4.5,168
PRD_1039,Beds,Home & Living,Furniture,Central,Q3 2024,2024,13599.01,3,3132.5,23.03,3.99,4.4,1441
PRD_1040,Beds,Home & Living,Furniture,Central,Q4 2024,2024,20078.84,4,6807.32,33.9,2.74,4.5,1263
PRD_1041,Tables,Home & Living,Furniture,North,Q1 2023,2023,23747.27,4,6879.16,28.97,3.8,4.4,1982
PRD_1042,Tables,Home & Living,Furniture,North,Q2 2023,2023,24360.16,4,6923.48,28.42,2.18,4.0,1676
PRD_1043,Tables,Home & Living,Furniture,North,Q3 2023,2023,35510.6,8,9038.92,25.45,2.42,3.9,264
PRD_1044,Tables,Home & Living,Furniture,North,Q4 2023,2023,32231.75,15,9205.35,28.56,3.82,4.0,1560
PRD_1045,Tables,Home & Living,Furniture,North,Q1 2024,2024,30762.21,56,8649.9,28.12,3.88,4.4,243
PRD_1046,Tables,Home & Living,Furniture,North,Q2 2024,2024,42982.5,22,10027.05,23.33,2.24,3.8,1596
PRD_1047,Tables,Home & Living,Furniture,North,Q3 2024,2024,33718.5,21,7669.42,22.75,2.06,4.3,219
PRD_1048,Tables,Home & Living,Furniture,North,Q4 2024,2024,33139.49,15,11221.31,33.86,3.14,4.2,1170
PRD_1049,Tables,Home & Living,Furniture,South,Q1 2023,2023,43745.64,18,10506.16,24.02,3.89,3.8,293
PRD_1050,Tables,Home & Living,Furniture,South,Q2 2023,2023,29135.68,13,9142.33,31.38,3.82,4.2,340
PRD_1051,Tables,Home & Living,Furniture,South,Q3 2023,2023,38036.06,49,13149.84,34.57,3.6,4.1,1130
PRD_1052,Tables,Home & Living,Furniture,South,Q4 2023,2023,47855.31,14,15605.04,32.61,1.83,4.1,710
PRD_1053,Tables,Home & Living,Furniture,South,Q1 2024,2024,28758.73,45,7942.49,27.62,1.93,3.6,1726
PRD_1054,Tables,Home & Living,Furniture,South,Q2 2024,2024,32270.94,15,7681.26,23.8,2.67,3.6,453
PRD_1055,Tables,Home & Living,Furniture,South,Q3 2024,2024,38825.95,49,10230.07,26.35,3.11,3.6,1147
PRD_1056,Tables,Home & Living,Furniture,South,Q4 2024,2024,35049.24,43,12211.23,34.84,1.82,4.1,880
PRD_1057,Tables,Home & Living,Furniture,East,Q1 2023,2023,20768.14,5,5928.44,28.55,1.88,4.7,966
PRD_1058,Tables,Home & Living,Furniture,East,Q2 2023,2023,21424.38,4,5265.99,24.58,1.58,4.8,305
PRD_1059,Tables,Home & Living,Furniture,East,Q3 2023,2023,25991.92,51,6856.36,26.38,3.23,3.8,1990
PRD_1060,Tables,Home & Living,Furniture,East,Q4 2023,2023,20120.29,6,4742.57,23.57,2.16,4.5,1970
PRD_1061,Tables,Home & Living,Furniture,East,Q1 2024,2024,21686.04,7,7294.13,33.64,3.02,3.6,1981
PRD_1062,Tables,Home & Living,Furniture,East,Q2 2024,2024,27039.5,18,7508.4,27.77,1.69,3.9,939
PRD_1063,Tables,Home & Living,Furniture,East,Q3 2024,2024,29839.37,37,8157.88,27.34,3.77,4.6,515
PRD_1064,Tables,Home & Living,Furniture,East,Q4 2024,2024,28425.22,11,7650.59,26.91,2.57,4.8,1267
PRD_1065,Tables,Home & Living,Furniture,West,Q1 2023,2023,35385.52,15,8581.12,24.25,1.69,4.4,691
PRD_1066,Tables,Home & Living,Furniture,West,Q2 2023,2023,31553.92,8,8112.1,25.71,2.66,3.5,1314
PRD_1067,Tables,Home & Living,Furniture,West,Q3 2023,2023,30430.9,11,6858.01,22.54,1.85,3.9,1330
PRD_1068,Tables,Home & Living,Furniture,West,Q4 2023,2023,32526.16,11,7018.29,21.58,1.16,4.7,693
PRD_1069,Tables,Home & Living,Furniture,West,Q1 2024,2024,28999.85,7,9215.73,31.78,1.56,3.8,1640
PRD_1070,Tables,Home & Living,Furniture,West,Q2 2024,2024,44095.1,22,15142.01,34.34,3.68,4.5,934
PRD_1071,Tables,Home & Living,Furniture,West,Q3 2024,2024,40259.7,10,8977.3,22.3,1.6,4.2,319
PRD_1072,Tables,Home & Living,Furniture,West,Q4 2024,2024,61282.86,21,14598.21,23.82,2.79,4.5,822
PRD_1073,Tables,Home & Living,Furniture,Central,Q1 2023,2023,15337.97,8,4278.73,27.9,2.65,3.9,1178
PRD_1074,Tables,Home & Living,Furniture,Central,Q2 2023,2023,16060.43,3,4466.55,27.81,3.47,4.7,1443
PRD_1075,Tables,Home & Living,Furniture,Central,Q3 2023,2023,16978.26,4,5370.66,31.63,1.59,3.6,369
PRD_1076,Tables,Home & Living,Furniture,Central,Q4 2023,2023,19502.3,8,6800.53,34.87,2.47,4.0,1402
PRD_1077,Tables,Home & Living,Furniture,Central,Q1 2024,2024,12610.18,3,3038.85,24.1,1.29,3.7,681
PRD_1078,Tables,Home & Living,Furniture,Central,Q2 2024,2024,16539.33,3,3713.71,22.45,2.8,4.0,1145
PRD_1079,Tables,Home & Living,Furniture,Central,Q3 2024,2024,13168.05,5,4500.79,34.18,1.24,3.8,1251
PRD_1080,Tables,Home & Living,Furniture,Central,Q4 2024,2024,15424.01,4,3179.87,20.62,3.13,3.5,427
PRD_1081,Storage,Home & Living,Furniture,North,Q1 2023,2023,39424.44,14,13094.97,33.22,3.7,4.7,379
PRD_1082,Storage,Home & Living,Furniture,North,Q2 2023,2023,33990.15,8,10991.55,32.34,2.95,4.4,1491
PRD_1083,Storage,Home & Living,Furniture,North,Q3 2023,2023,39042.41,20,12915.23,33.08,3.07,4.3,176
PRD_1084,Storage,Home & Living,Furniture,North,Q4 2023,2023,47876.64,12,10529.03,21.99,2.23,4.3,223
PRD_1085,Storage,Home & Living,Furniture,North,Q1 2024,2024,38922.06,10,8497.63,21.83,3.78,4.5,1796
PRD_1086,Storage,Home & Living,Furniture,North,Q2 2024,2024,27981.75,13,8509.33,30.41,1.91,3.8,1150
PRD_1087,Storage,Home & Living,Furniture,North,Q3 2024,2024,33466.38,7,7623.78,22.78,3.65,4.7,195
PRD_1088,Storage,Home & Living,Furniture,North,Q4 2024,2024,53776.27,10,16156.46,30.04,3.88,3.6,1991
PRD_1089,Storage,Home & Living,Furniture,South,Q1 2023,2023,30467.62,8,6129.49,20.12,2.45,4.2,1851
PRD_1090,Storage,Home & Living,Furniture,South,Q2 2023,2023,35714.97,45,11301.59,31.64,1.8,4.2,1119
PRD_1091,Storage,Home & Living,Furniture,South,Q3 2023,2023,32611.66,12,8319.33,25.51,3.8,3.7,1637
PRD_1092,Storage,Home & Living,Furniture,South,Q4 2023,2023,40964.3,9,10740.04,26.22,2.79,3.6,1107
PRD_1093,Storage,Home & Living,Furniture,South,Q1 2024,2024,47640.32,21,10285.0,21.59,1.3,3.8,1878
PRD_1094,Storage,Home & Living,Furniture,South,Q2 2024,2024,35176.99,31,7921.95,22.52,1.78,4.7,979
PRD_1095,Storage,Home & Living,Furniture,South,Q3 2024,2024,41854.66,43,13987.47,33.42,2.07,4.0,862
PRD_1096,Storage,Home & Living,Furniture,South,Q4 2024,2024,41350.11,29,10703.82,25.89,2.32,4.1,498
PRD_1097,Storage,Home & Living,Furniture,East,Q1 2023,2023,22325.82,5,7489.34,33.55,1.77,4.5,777
PRD_1098,Storage,Home & Living,Furniture,East,Q2 2023,2023,26556.97,9,5856.26,22.05,1.98,4.7,372
PRD_1099,Storage,Home & Living,Furniture,East,Q3 2023,2023,20438.63,4,6749.4,33.02,1.37,4.8,1609
PRD_1100,Storage,Home & Living,Furniture,East,Q4 2023,2023,22511.34,11,5957.13,26.46,3.01,4.8,132
PRD_1101,Storage,Home & Living,Furniture,East,Q1 2024,2024,16557.12,4,3990.03,24.1,1.84,4.1,1972
PRD_1102,Storage,Home & Living,Furniture,East,Q2 2024,2024,25091.5,8,5154.02,20.54,2.11,4.1,919
PRD_1103,Storage,Home & Living,Furniture,East,Q3 2024,2024,17952.39,8,4356.8,24.27,1.17,4.2,483
PRD_1104,Storage,Home & Living,Furniture,East,Q4 2024,2024,24820.75,20,5635.18,22.7,3.81,4.8,851
PRD_1105,Storage,Home & Living,Furniture,West,Q1 2023,2023,45733.69,44,13742.16,30.05,1.37,4.1,554
PRD_1106,Storage,Home & Living,Furniture,West,Q2 2023,2023,28183.03,6,5854.71,20.77,3.46,4.8,1541
PRD_1107,Storage,Home & Living,Furniture,West,Q3 2023,2023,29322.37,6,8108.51,27.65,2.66,4.1,294
PRD_1108,Storage,Home & Living,Furniture,West,Q4 2023,2023,34026.36,12,10249.73,30.12,3.38,4.4,1613
PRD_1109,Storage,Home & Living,Furniture,West,Q1 2024,2024,40660.16,13,12678.36,31.18,3.07,3.8,143
PRD_1110,Storage,Home & Living,Furniture,West,Q2 2024,2024,47114.71,11,14996.96,31.83,1.9,3.8,576
PRD_1111,Storage,Home & Living,Furniture,West,Q3 2024,2024,28730.39,14,8715.07,30.33,1.8,3.6,560
PRD_1112,Storage,Home & Living,Furniture,West,Q4 2024,2024,57550.37,80,19185.99,33.34,3.86,4.3,212
PRD_1113,Storage,Home & Living,Furniture,Central,Q1 2023,2023,13114.1,4,3747.65,28.58,2.4,4.8,1789
PRD_1114,Storage,Home & Living,Furniture,Central,Q2 2023,2023,12340.56,6,3978.09,32.24,3.39,3.6,968
PRD_1115,Storage,Home & Living,Furniture,Central,Q3 2023,2023,13324.46,2,3992.31,29.96,2.24,4.6,699
PRD_1116,Storage,Home & Living,Furniture,Central,Q4 2023,2023,15968.88,5,3464.6,21.7,1.16,3.5,308
PRD_1117,Storage,Home & Living,Furniture,Central,Q1 2024,2024,12915.6,3,2803.63,21.71,1.66,3.8,133
PRD_1118,Storage,Home & Living,Furniture,Central,Q2 2024,2024,16978.95,21,5794.65,34.13,2.29,4.5,863
PRD_1119,Storage,Home & Living,Furniture,Central,Q3 2024,2024,14847.93,3,3668.91,24.71,1.56,4.7,1100
PRD_1120,Storage,Home & Living,Furniture,Central,Q4 2024,2024,20670.32,9,4876.52,23.59,1.98,3.9,1315
PRD_1121,Lighting,Home & Living,Decor,North,Q1 2023,2023,38632.19,13,10318.98,26.71,3.08,4.3,942
PRD_1122,Lighting,Home & Living,Decor,North,Q2 2023,2023,26434.14,5,7355.28,27.82,2.31,4.6,402
PRD_1123,Lighting,Home & Living,Decor,North,Q3 2023,2023,32583.45,12,10807.13,33.17,2.89,4.7,624
PRD_1124,Lighting,Home & Living,Decor,North,Q4 2023,2023,33243.28,7,10246.23,30.82,3.92,3.8,1584
PRD_1125,Lighting,Home & Living,Decor,North,Q1 2024,2024,44529.14,11,13555.93,30.44,3.95,4.6,1005
PRD_1126,Lighting,Home & Living,Decor,North,Q2 2024,2024,32102.61,13,11043.58,34.4,3.57,4.5,340
PRD_1127,Lighting,Home & Living,Decor,North,Q3 2024,2024,45293.34,16,14134.18,31.21,2.65,3.6,952
PRD_1128,Lighting,Home & Living,Decor,North,Q4 2024,2024,49701.13,15,11054.16,22.24,2.45,4.0,1027
PRD_1129,Lighting,Home & Living,Decor,South,Q1 2023,2023,40878.76,12,8209.48,20.08,3.1,4.6,1040
PRD_1130,Lighting,Home & Living,Decor,South,Q2 2023,2023,24435.61,6,5849.99,23.94,3.72,3.8,788
PRD_1131,Lighting,Home & Living,Decor,South,Q3 2023,2023,40969.64,9,13760.13,33.59,2.95,4.5,1349
PRD_1132,Lighting,Home & Living,Decor,South,Q4 2023,2023,47463.97,33,11451.43,24.13,2.34,4.3,509
PRD_1133,Lighting,Home & Living,Decor,South,Q1 2024,2024,29338.12,17,7334.23,25.0,3.08,3.9,435
PRD_1134,Lighting,Home & Living,Decor,South,Q2 2024,2024,28524.33,37,7542.14,26.44,3.37,3.8,841
PRD_1135,Lighting,Home & Living,Decor,South,Q3 2024,2024,37578.21,8,12482.69,33.22,3.04,4.2,1114
PRD_1136,Lighting,Home & Living,Decor,South,Q4 2024,2024,56315.44,14,15107.4,26.83,2.85,4.5,307
PRD_1137,Lighting,Home & Living,Decor,East,Q1 2023,2023,24334.41,10,7468.82,30.69,2.6,3.9,1748
PRD_1138,Lighting,Home & Living,Decor,East,Q2 2023,2023,25901.63,17,7591.36,29.31,3.53,3.5,594
PRD_1139,Lighting,Home & Living,Decor,East,Q3 2023,2023,17342.53,7,5607.32,32.33,2.33,4.7,601
PRD_1140,Lighting,Home & Living,Decor,East,Q4 2023,2023,18251.63,4,4041.71,22.14,3.6,3.8,1811
PRD_1141,Lighting,Home & Living,Decor,East,Q1 2024,2024,29141.36,7,9679.59,33.22,3.53,4.1,910
PRD_1142,Lighting,Home & Living,Decor,East,Q2 2024,2024,16619.83,3,5814.29,34.98,2.21,3.6,820
PRD_1143,Lighting,Home & Living,Decor,East,Q3 2024,2024,20027.78,16,5588.45,27.9,3.53,4.4,883
PRD_1144,Lighting,Home & Living,Decor,East,Q4 2024,2024,22981.61,41,5299.71,23.06,1.31,4.6,1602
PRD_1145,Lighting,Home & Living,Decor,West,Q1 2023,2023,35833.84,12,9623.51,26.86,1.14,4.1,960
PRD_1146,Lighting,Home & Living,Decor,West,Q2 2023,2023,35155.19,16,8301.03,23.61,1.33,4.4,1351
PRD_1147,Lighting,Home & Living,Decor,West,Q3 2023,2023,27542.7,8,7617.18,27.66,3.86,3.7,925
PRD_1148,Lighting,Home & Living,Decor,West,Q4 2023,2023,56704.93,19,16583.39,29.25,1.65,4.2,1679
PRD_1149,Lighting,Home & Living,Decor,West,Q1 2024,2024,45428.08,13,11866.5,26.12,1.37,4.4,469
PRD_1150,Lighting,Home & Living,Decor,West,Q2 2024,2024,43014.29,22,10087.43,23.45,1.17,3.8,1398
PRD_1151,Lighting,Home & Living,Decor,West,Q3 2024,2024,45074.62,19,15728.12,34.89,1.55,4.7,786
PRD_1152,Lighting,Home & Living,Decor,West,Q4 2024,2024,55172.86,73,17767.54,32.2,3.59,3.6,1601
PRD_1153,Lighting,Home & Living,Decor,Central,Q1 2023,2023,15582.43,4,4053.25,26.01,2.46,4.7,355
PRD_1154,Lighting,Home & Living,Decor,Central,Q2 2023,2023,18019.44,6,6161.38,34.19,3.3,4.1,795
PRD_1155,Lighting,Home & Living,Decor,Central,Q3 2023,2023,11925.5,14,3592.08,30.12,2.06,3.8,1201
PRD_1156,Lighting,Home & Living,Decor,Central,Q4 2023,2023,23709.08,4,6924.24,29.21,2.84,3.7,1077
PRD_1157,Lighting,Home & Living,Decor,Central,Q1 2024,2024,12891.79,20,4169.86,32.35,2.7,3.8,1127
PRD_1158,Lighting,Home & Living,Decor,Central,Q2 2024,2024,12682.46,3,3626.12,28.59,3.17,4.0,454
PRD_1159,Lighting,Home & Living,Decor,Central,Q3 2024,2024,19905.49,4,5145.44,25.85,3.9,4.3,976
PRD_1160,Lighting,Home & Living,Decor,Central,Q4 2024,2024,17448.3,3,3621.62,20.76,1.1,3.8,135
PRD_1161,Wall Art,Home & Living,Decor,North,Q1 2023,2023,22084.44,23,6395.17,28.96,2.5,4.4,458
PRD_1162,Wall Art,Home & Living,Decor,North,Q2 2023,2023,22011.81,6,7127.79,32.38,2.98,4.6,1722
PRD_1163,Wall Art,Home & Living,Decor,North,Q3 2023,2023,32346.36,26,7824.0,24.19,1.52,3.7,656
PRD_1164,Wall Art,Home & Living,Decor,North,Q4 2023,2023,36636.92,17,12802.84,34.95,3.1,3.9,741
PRD_1165,Wall Art,Home & Living,Decor,North,Q1 2024,2024,43106.74,35,11938.42,27.7,2.08,4.2,1237
PRD_1166,Wall Art,Home & Living,Decor,North,Q2 2024,2024,45099.95,13,11997.51,26.6,1.28,4.3,1993
PRD_1167,Wall Art,Home & Living,Decor,North,Q3 2024,2024,43806.0,13,12760.68,29.13,3.4,3.7,498
PRD_1168,Wall Art,Home & Living,Decor,North,Q4 2024,2024,42562.73,14,13650.58,32.07,1.21,4.6,261
PRD_1169,Wall Art,Home & Living,Decor,South,Q1 2023,2023,43385.66,11,13202.62,30.43,1.7,3.9,1327
PRD_1170,Wall Art,Home & Living,Decor,South,Q2 2023,2023,33848.59,17,10529.48,31.11,3.89,3.6,1239
PRD_1171,Wall Art,Home & Living,Decor,South,Q3 2023,2023,37413.23,7,7526.84,20.12,1.47,3.5,1752
PRD_1172,Wall Art,Home & Living,Decor,South,Q4 2023,2023,32704.11,18,7057.21,21.58,2.59,4.1,687
PRD_1173,Wall Art,Home & Living,Decor,South,Q1 2024,2024,33308.39,23,9028.63,27.11,1.07,3.6,1259
PRD_1174,Wall Art,Home & Living,Decor,South,Q2 2024,2024,27272.01,21,7906.76,28.99,3.18,3.6,1548
PRD_1175,Wall Art,Home & Living,Decor,South,Q3 2024,2024,31689.57,44,6812.97,21.5,2.94,3.9,1800
PRD_1176,Wall Art,Home & Living,Decor,South,Q4 2024,2024,56779.42,25,13202.69,23.25,1.84,4.6,1067
PRD_1177,Wall Art,Home & Living,Decor,East,Q1 2023,2023,17115.76,23,4996.06,29.19,2.22,4.7,202
PRD_1178,Wall Art,Home & Living,Decor,East,Q2 2023,2023,25350.02,6,7972.96,31.45,1.94,4.4,483
PRD_1179,Wall Art,Home & Living,Decor,East,Q3 2023,2023,25717.94,9,6758.78,26.28,3.98,4.1,851
PRD_1180,Wall Art,Home & Living,Decor,East,Q4 2023,2023,21149.04,5,6566.42,31.05,1.87,4.5,1724
PRD_1181,Wall Art,Home & Living,Decor,East,Q1 2024,2024,25375.07,18,6705.63,26.43,3.96,4.3,440
PRD_1182,Wall Art,Home & Living,Decor,East,Q2 2024,2024,29524.21,35,7625.43,25.83,2.0,3.8,656
PRD_1183,Wall Art,Home & Living,Decor,East,Q3 2024,2024,19882.01,4,4361.2,21.94,1.68,4.3,1375
PRD_1184,Wall Art,Home & Living,Decor,East,Q4 2024,2024,26625.35,17,7825.12,29.39,3.3,4.0,469
PRD_1185,Wall Art,Home & Living,Decor,West,Q1 2023,2023,31413.13,6,8118.48,25.84,1.49,4.7,468
PRD_1186,Wall Art,Home & Living,Decor,West,Q2 2023,2023,45078.51,10,13809.11,30.63,3.63,3.8,1675
PRD_1187,Wall Art,Home & Living,Decor,West,Q3 2023,2023,28260.6,6,9130.66,32.31,2.37,4.1,1837
PRD_1188,Wall Art,Home & Living,Decor,West,Q4 2023,2023,44447.28,66,11727.42,26.39,2.24,4.5,145
PRD_1189,Wall Art,Home & Living,Decor,West,Q1 2024,2024,51299.39,12,14617.25,28.49,2.22,3.9,677
PRD_1190,Wall Art,Home & Living,Decor,West,Q2 2024,2024,37279.73,9,12599.16,33.8,2.72,4.3,1331
PRD_1191,Wall Art,Home & Living,Decor,West,Q3 2024,2024,36381.29,20,9118.8,25.06,3.65,4.1,932
PRD_1192,Wall Art,Home & Living,Decor,West,Q4 2024,2024,43031.75,9,13456.72,31.27,1.72,4.1,1182
PRD_1193,Wall Art,Home & Living,Decor,Central,Q1 2023,2023,13346.25,2,3760.35,28.18,2.42,3.6,1818
PRD_1194,Wall Art,Home & Living,Decor,Central,Q2 2023,2023,11467.82,2,3365.16,29.34,3.51,4.6,1996
PRD_1195,Wall Art,Home & Living,Decor,Central,Q3 2023,2023,19259.45,7,3971.97,20.62,2.25,4.7,1849
PRD_1196,Wall Art,Home & Living,Decor,Central,Q4 2023,2023,19349.75,5,6652.92,34.38,1.27,4.3,369
PRD_1197,Wall Art,Home & Living,Decor,Central,Q1 2024,2024,21775.17,7,6028.6,27.69,1.16,4.6,51
PRD_1198,Wall Art,Home & Living,Decor,Central,Q2 2024,2024,17705.64,24,5588.77,31.56,2.98,4.0,842
PRD_1199,Wall Art,Home & Living,Decor,Central,Q3 2024,2024,21982.11,4,7575.16,34.46,2.58,4.2,1339
PRD_1200,Wall Art,Home & Living,Decor,Central,Q4 2024,2024,17172.73,6,4682.82,27.27,2.23,4.4,759
PRD_1201,Plants,Home & Living,Decor,North,Q1 2023,2023,37225.14,13,8874.48,23.84,2.86,4.5,1642
PRD_1202,Plants,Home & Living,Decor,North,Q2 2023,2023,38844.41,8,11731.55,30.2,1.25,4.8,930
PRD_1203,Plants,Home & Living,Decor,North,Q3 2023,2023,39249.01,16,9815.8,25.01,1.02,3.9,602
PRD_1204,Plants,Home & Living,Decor,North,Q4 2023,2023,40483.34,28,8408.07,20.77,2.49,4.7,1983
PRD_1205,Plants,Home & Living,Decor,North,Q1 2024,2024,34305.71,12,11571.2,33.73,1.56,4.7,1476
PRD_1206,Plants,Home & Living,Decor,North,Q2 2024,2024,34146.13,22,9556.91,27.99,2.74,4.3,1615
PRD_1207,Plants,Home & Living,Decor,North,Q3 2024,2024,35737.11,7,9887.64,27.67,3.01,4.3,511
PRD_1208,Plants,Home & Living,Decor,North,Q4 2024,2024,41481.19,21,12730.82,30.69,2.17,3.8,640
PRD_1209,Plants,Home & Living,Decor,South,Q1 2023,2023,41780.66,10,10483.53,25.09,1.22,4.4,1147
PRD_1210,Plants,Home & Living,Decor,South,Q2 2023,2023,41620.08,28,11760.31,28.26,1.93,4.7,1100
PRD_1211,Plants,Home & Living,Decor,South,Q3 2023,2023,32415.18,41,8306.34,25.62,3.74,3.7,195
PRD_1212,Plants,Home & Living,Decor,South,Q4 2023,2023,41368.91,16,11492.68,27.78,1.15,4.4,768
PRD_1213,Plants,Home & Living,Decor,South,Q1 2024,2024,26941.53,10,7569.37,28.1,1.68,4.2,1737
PRD_1214,Plants,Home & Living,Decor,South,Q2 2024,2024,34952.11,8,7104.59,20.33,3.21,4.7,1856
PRD_1215,Plants,Home & Living,Decor,South,Q3 2024,2024,47751.06,49,10121.12,21.2,2.84,4.4,1903
PRD_1216,Plants,Home & Living,Decor,South,Q4 2024,2024,46273.51,13,11541.96,24.94,1.13,4.5,919
PRD_1217,Plants,Home & Living,Decor,East,Q1 2023,2023,24194.47,20,6761.8,27.95,2.44,4.7,122
PRD_1218,Plants,Home & Living,Decor,East,Q2 2023,2023,25539.99,5,6825.91,26.73,1.01,4.4,1477
PRD_1219,Plants,Home & Living,Decor,East,Q3 2023,2023,20178.85,8,6956.4,34.47,1.33,4.2,1177
PRD_1220,Plants,Home & Living,Decor,East,Q4 2023,2023,19100.1,28,5076.97,26.58,3.89,3.9,90
PRD_1221,Plants,Home & Living,Decor,East,Q1 2024,2024,16463.6,17,5610.53,34.08,2.82,4.0,369
PRD_1222,Plants,Home & Living,Decor,East,Q2 2024,2024,17410.5,4,5377.84,30.89,2.72,3.8,1890
PRD_1223,Plants,Home & Living,Decor,East,Q3 2024,2024,18012.12,8,4302.6,23.89,1.4,3.8,351
PRD_1224,Plants,Home & Living,Decor,East,Q4 2024,2024,29767.04,6,10160.0,34.13,2.91,3.7,1464
PRD_1225,Plants,Home & Living,Decor,West,Q1 2023,2023,42488.86,8,11210.51,26.38,1.99,3.8,676
PRD_1226,Plants,Home & Living,Decor,West,Q2 2023,2023,47176.89,38,11550.1,24.48,3.17,4.3,1302
PRD_1227,Plants,Home & Living,Decor,West,Q3 2023,2023,45551.3,11,9840.56,21.6,2.39,3.9,963
PRD_1228,Plants,Home & Living,Decor,West,Q4 2023,2023,33454.29,11,11261.55,33.66,1.54,4.2,471
PRD_1229,Plants,Home & Living,Decor,West,Q1 2024,2024,34327.19,30,10807.21,31.48,3.7,3.6,1299
PRD_1230,Plants,Home & Living,Decor,West,Q2 2024,2024,37104.05,30,12861.03,34.66,1.99,4.6,1921
PRD_1231,Plants,Home & Living,Decor,West,Q3 2024,2024,51974.35,17,13828.79,26.61,2.97,4.1,1124
PRD_1232,Plants,Home & Living,Decor,West,Q4 2024,2024,47372.9,11,12212.96,25.78,3.99,3.6,1319
PRD_1233,Plants,Home & Living,Decor,Central,Q1 2023,2023,11025.5,4,3846.58,34.89,1.65,4.6,827
PRD_1234,Plants,Home & Living,Decor,Central,Q2 2023,2023,17275.28,10,3621.05,20.96,3.82,4.2,532
PRD_1235,Plants,Home & Living,Decor,Central,Q3 2023,2023,12648.52,2,2737.33,21.64,3.64,3.5,432
PRD_1236,Plants,Home & Living,Decor,Central,Q4 2023,2023,21781.43,4,5320.68,24.43,2.94,4.2,1373
PRD_1237,Plants,Home & Living,Decor,Central,Q1 2024,2024,13193.23,13,2793.88,21.18,1.65,3.9,1734
PRD_1238,Plants,Home & Living,Decor,Central,Q2 2024,2024,22427.31,5,7383.52,32.92,2.45,4.2,1970
PRD_1239,Plants,Home & Living,Decor,Central,Q3 2024,2024,13163.19,6,4202.39,31.93,3.57,4.8,636
PRD_1240,Plants,Home & Living,Decor,Central,Q4 2024,2024,20736.76,10,5891.22,28.41,2.37,4.3,704
PRD_1241,Rugs,Home & Living,Decor,North,Q1 2023,2023,31224.7,11,6610.34,21.17,3.43,4.6,511
PRD_1242,Rugs,Home & Living,Decor,North,Q2 2023,2023,27562.59,6,7577.83,27.49,2.69,4.1,458
PRD_1243,Rugs,Home & Living,Decor,North,Q3 2023,2023,23421.34,5,6700.9,28.61,3.65,4.8,1848
PRD_1244,Rugs,Home & Living,Decor,North,Q4 2023,2023,45973.36,28,15723.45,34.2,3.14,4.6,459
PRD_1245,Rugs,Home & Living,Decor,North,Q1 2024,2024,34299.88,46,9422.68,27.47,3.72,4.7,1857
PRD_1246,Rugs,Home & Living,Decor,North,Q2 2024,2024,38598.82,8,8950.13,23.19,1.76,4.6,494
PRD_1247,Rugs,Home & Living,Decor,North,Q3 2024,2024,44068.43,18,9811.09,22.26,2.23,4.2,311
PRD_1248,Rugs,Home & Living,Decor,North,Q4 2024,2024,42664.33,10,14320.4,33.57,2.98,4.1,1285
PRD_1249,Rugs,Home & Living,Decor,South,Q1 2023,2023,41616.06,8,8558.43,20.57,3.0,3.6,953
PRD_1250,Rugs,Home & Living,Decor,South,Q2 2023,2023,30472.98,8,9663.38,31.71,2.92,3.9,1698
PRD_1251,Rugs,Home & Living,Decor,South,Q3 2023,2023,40774.16,24,8915.19,21.86,1.92,3.9,249
PRD_1252,Rugs,Home & Living,Decor,South,Q4 2023,2023,44853.86,13,13894.93,30.98,1.3,4.8,1278
PRD_1253,Rugs,Home & Living,Decor,South,Q1 2024,2024,34662.02,10,8220.35,23.72,3.58,4.0,1898
PRD_1254,Rugs,Home & Living,Decor,South,Q2 2024,2024,43911.56,53,13560.77,30.88,1.96,3.6,596
PRD_1255,Rugs,Home & Living,Decor,South,Q3 2024,2024,32281.76,7,9029.53,27.97,3.62,4.2,671
PRD_1256,Rugs,Home & Living,Decor,South,Q4 2024,2024,51706.3,11,15091.51,29.19,3.27,4.0,1815
PRD_1257,Rugs,Home & Living,Decor,East,Q1 2023,2023,15626.07,3,5347.84,34.22,2.54,4.6,1661
PRD_1258,Rugs,Home & Living,Decor,East,Q2 2023,2023,26941.8,9,6445.92,23.93,3.87,4.0,1558
PRD_1259,Rugs,Home & Living,Decor,East,Q3 2023,2023,26622.35,14,9191.5,34.53,1.13,4.4,1770
PRD_1260,Rugs,Home & Living,Decor,East,Q4 2023,2023,21969.67,5,6795.74,30.93,2.68,3.7,1959
PRD_1261,Rugs,Home & Living,Decor,East,Q1 2024,2024,27552.97,7,8213.93,29.81,3.2,3.6,1290
PRD_1262,Rugs,Home & Living,Decor,East,Q2 2024,2024,16510.82,6,3606.83,21.85,2.3,4.1,59
PRD_1263,Rugs,Home & Living,Decor,East,Q3 2024,2024,23637.4,6,6952.54,29.41,1.53,3.7,1311
PRD_1264,Rugs,Home & Living,Decor,East,Q4 2024,2024,30331.23,17,10358.06,34.15,1.27,4.6,1423
PRD_1265,Rugs,Home & Living,Decor,West,Q1 2023,2023,26422.22,10,7687.96,29.1,3.03,3.6,1356
PRD_1266,Rugs,Home & Living,Decor,West,Q2 2023,2023,40858.02,24,8957.55,21.92,3.94,4.7,1864
PRD_1267,Rugs,Home & Living,Decor,West,Q3 2023,2023,42020.58,9,9148.81,21.77,2.77,3.9,1120
PRD_1268,Rugs,Home & Living,Decor,West,Q4 2023,2023,53622.27,15,13931.55,25.98,2.66,4.4,1019
PRD_1269,Rugs,Home & Living,Decor,West,Q1 2024,2024,33527.26,10,9909.95,29.56,3.35,3.9,972
PRD_1270,Rugs,Home & Living,Decor,West,Q2 2024,2024,42674.45,9,12662.8,29.67,3.78,4.5,334
PRD_1271,Rugs,Home & Living,Decor,West,Q3 2024,2024,37469.98,10,12080.39,32.24,3.06,3.5,1983
PRD_1272,Rugs,Home & Living,Decor,West,Q4 2024,2024,42552.97,19,11392.53,26.77,2.91,3.8,1791
PRD_1273,Rugs,Home & Living,Decor,Central,Q1 2023,2023,18966.25,7,5095.52,26.87,3.75,3.6,1692
PRD_1274,Rugs,Home & Living,Decor,Central,Q2 2023,2023,15189.62,5,4045.98,26.64,2.71,3.8,850
PRD_1275,Rugs,Home & Living,Decor,Central,Q3 2023,2023,10980.14,2,3507.27,31.94,2.71,4.2,217
PRD_1276,Rugs,Home & Living,Decor,Central,Q4 2023,2023,20030.04,34,6640.42,33.15,2.52,4.3,475
PRD_1277,Rugs,Home & Living,Decor,Central,Q1 2024,2024,20824.35,10,6359.16,30.54,1.7,4.5,1783
PRD_1278,Rugs,Home & Living,Decor,Central,Q2 2024,2024,15746.82,5,4443.25,28.22,2.57,4.1,1896
PRD_1279,Rugs,Home & Living,Decor,Central,Q3 2024,2024,20054.94,18,4434.33,22.11,2.9,3.8,573
PRD_1280,Rugs,Home & Living,Decor,Central,Q4 2024,2024,24808.9,5,7847.42,31.63,3.76,3.6,919
PRD_1281,Appliances,Home & Living,Kitchen,North,Q1 2023,2023,36371.05,10,9355.91,25.72,2.97,3.8,1214
PRD_1282,Appliances,Home & Living,Kitchen,North,Q2 2023,2023,27725.51,19,8564.72,30.89,2.43,3.6,1245
PRD_1283,Appliances,Home & Living,Kitchen,North,Q3 2023,2023,32887.45,31,8033.38,24.43,2.06,4.4,315
PRD_1284,Appliances,Home & Living,Kitchen,North,Q4 2023,2023,29536.02,10,7996.43,27.07,1.63,3.8,870
PRD_1285,Appliances,Home & Living,Kitchen,North,Q1 2024,2024,43774.33,13,9393.13,21.46,3.7,4.5,951
PRD_1286,Appliances,Home & Living,Kitchen,North,Q2 2024,2024,27003.15,7,7886.06,29.2,1.13,4.2,1837
PRD_1287,Appliances,Home & Living,Kitchen,North,Q3 2024,2024,35361.75,32,9379.8,26.53,3.19,4.4,1531
PRD_1288,Appliances,Home & Living,Kitchen,North,Q4 2024,2024,52824.98,14,16552.6,31.33,3.56,4.6,198
PRD_1289,Appliances,Home & Living,Kitchen,South,Q1 2023,2023,43411.09,19,11322.86,26.08,2.42,4.7,1969
PRD_1290,Appliances,Home & Living,Kitchen,South,Q2 2023,2023,37160.89,15,11413.22,30.71,1.98,3.6,830
PRD_1291,Appliances,Home & Living,Kitchen,South,Q3 2023,2023,27047.78,10,9064.22,33.51,2.26,4.1,351
PRD_1292,Appliances,Home & Living,Kitchen,South,Q4 2023,2023,33470.7,8,7794.66,23.29,3.29,3.6,676
PRD_1293,Appliances,Home & Living,Kitchen,South,Q1 2024,2024,45978.96,12,15952.92,34.7,3.51,4.7,1548
PRD_1294,Appliances,Home & Living,Kitchen,South,Q2 2024,2024,44250.51,10,12670.89,28.63,2.61,4.8,90
PRD_1295,Appliances,Home & Living,Kitchen,South,Q3 2024,2024,44458.31,12,12248.89,27.55,3.13,3.8,1913
PRD_1296,Appliances,Home & Living,Kitchen,South,Q4 2024,2024,39448.53,18,10070.69,25.53,2.83,4.3,1669
PRD_1297,Appliances,Home & Living,Kitchen,East,Q1 2023,2023,21474.26,22,7030.93,32.74,1.5,3.6,633
PRD_1298,Appliances,Home & Living,Kitchen,East,Q2 2023,2023,21697.66,12,7361.54,33.93,1.5,4.2,434
PRD_1299,Appliances,Home & Living,Kitchen,East,Q3 2023,2023,16491.8,11,3565.18,21.62,1.84,4.6,1420
PRD_1300,Appliances,Home & Living,Kitchen,East,Q4 2023,2023,17631.49,21,4377.02,24.82,2.51,3.9,1419
PRD_1301,Appliances,Home & Living,Kitchen,East,Q1 2024,2024,26632.15,10,7389.72,27.75,3.36,3.8,648
PRD_1302,Appliances,Home & Living,Kitchen,East,Q2 2024,2024,17194.9,9,5242.62,30.49,3.84,4.0,636
PRD_1303,Appliances,Home & Living,Kitchen,East,Q3 2024,2024,28370.66,6,8465.51,29.84,3.86,3.8,406
PRD_1304,Appliances,Home & Living,Kitchen,East,Q4 2024,2024,31397.75,24,7073.38,22.53,2.25,3.6,825
PRD_1305,Appliances,Home & Living,Kitchen,West,Q1 2023,2023,34084.81,9,8644.14,25.36,2.92,3.6,958
PRD_1306,Appliances,Home & Living,Kitchen,West,Q2 2023,2023,35188.23,13,9321.18,26.49,2.17,4.6,1596
PRD_1307,Appliances,Home & Living,Kitchen,West,Q3 2023,2023,45704.06,10,11446.98,25.05,3.07,3.6,590
PRD_1308,Appliances,Home & Living,Kitchen,West,Q4 2023,2023,37792.51,17,10346.31,27.38,2.75,4.5,150
PRD_1309,Appliances,Home & Living,Kitchen,West,Q1 2024,2024,29808.63,6,10372.91,34.8,2.87,4.6,887
PRD_1310,Appliances,Home & Living,Kitchen,West,Q2 2024,2024,31852.41,12,10903.36,34.23,2.85,4.0,1360
PRD_1311,Appliances,Home & Living,Kitchen,West,Q3 2024,2024,37793.31,12,10784.23,28.53,2.68,4.6,1405
PRD_1312,Appliances,Home & Living,Kitchen,West,Q4 2024,2024,56217.8,13,19298.73,34.33,3.69,3.7,186
PRD_1313,Appliances,Home & Living,Kitchen,Central,Q1 2023,2023,10967.41,4,2369.91,21.61,2.9,4.4,365
PRD_1314,Appliances,Home & Living,Kitchen,Central,Q2 2023,2023,19241.87,3,4990.55,25.94,3.53,4.2,825
PRD_1315,Appliances,Home & Living,Kitchen,Central,Q3 2023,2023,16096.52,13,5431.72,33.74,1.68,4.1,266
PRD_1316,Appliances,Home & Living,Kitchen,Central,Q4 2023,2023,23501.22,13,5102.58,21.71,1.24,3.8,546
PRD_1317,Appliances,Home & Living,Kitchen,Central,Q1 2024,2024,13086.52,4,3466.51,26.49,3.72,4.0,246
PRD_1318,Appliances,Home & Living,Kitchen,Central,Q2 2024,2024,21927.23,14,6993.07,31.89,3.89,4.2,304
PRD_1319,Appliances,Home & Living,Kitchen,Central,Q3 2024,2024,20359.65,7,6288.99,30.89,2.62,3.6,581
PRD_1320,Appliances,Home & Living,Kitchen,Central,Q4 2024,2024,19306.05,4,6374.22,33.02,2.08,4.7,631
PRD_1321,Cookware,Home & Living,Kitchen,North,Q1 2023,2023,29277.85,9,9500.23,32.45,2.42,3.9,802
PRD_1322,Cookware,Home & Living,Kitchen,North,Q2 2023,2023,27836.55,21,8470.82,30.43,2.31,3.8,189
PRD_1323,Cookware,Home & Living,Kitchen,North,Q3 2023,2023,28021.85,5,7114.77,25.39,1.04,4.5,1322
PRD_1324,Cookware,Home & Living,Kitchen,North,Q4 2023,2023,27818.65,37,9632.44,34.63,3.48,4.2,622
PRD_1325,Cookware,Home & Living,Kitchen,North,Q1 2024,2024,31781.61,37,7622.98,23.99,3.01,3.8,1120
PRD_1326,Cookware,Home & Living,Kitchen,North,Q2 2024,2024,36101.86,42,10066.17,27.88,1.09,4.4,1659
PRD_1327,Cookware,Home & Living,Kitchen,North,Q3 2024,2024,24762.59,12,7852.29,31.71,3.02,4.6,1203
PRD_1328,Cookware,Home & Living,Kitchen,North,Q4 2024,2024,36903.51,21,9216.51,24.97,1.45,3.7,227
PRD_1329,Cookware,Home & Living,Kitchen,South,Q1 2023,2023,43371.67,10,12078.68,27.85,3.55,3.9,1383
PRD_1330,Cookware,Home & Living,Kitchen,South,Q2 2023,2023,42797.31,18,13984.21,32.68,3.26,4.1,793
PRD_1331,Cookware,Home & Living,Kitchen,South,Q3 2023,2023,35265.8,7,12055.87,34.19,1.26,3.8,1560
PRD_1332,Cookware,Home & Living,Kitchen,South,Q4 2023,2023,35133.18,9,10082.35,28.7,2.19,3.7,267
PRD_1333,Cookware,Home & Living,Kitchen,South,Q1 2024,2024,41066.83,8,10551.53,25.69,1.16,4.3,1965
PRD_1334,Cookware,Home & Living,Kitchen,South,Q2 2024,2024,45859.9,10,10178.79,22.2,3.08,4.1,1351
PRD_1335,Cookware,Home & Living,Kitchen,South,Q3 2024,2024,35053.82,43,10798.12,30.8,1.44,4.6,723
PRD_1336,Cookware,Home & Living,Kitchen,South,Q4 2024,2024,39680.54,13,10470.3,26.39,2.58,4.5,1446
PRD_1337,Cookware,Home & Living,Kitchen,East,Q1 2023,2023,19032.35,16,5340.73,28.06,1.54,4.1,937
PRD_1338,Cookware,Home & Living,Kitchen,East,Q2 2023,2023,21769.43,12,7404.34,34.01,2.34,3.5,156
PRD_1339,Cookware,Home & Living,Kitchen,East,Q3 2023,2023,15757.61,5,4404.39,27.95,2.7,3.9,1490
PRD_1340,Cookware,Home & Living,Kitchen,East,Q4 2023,2023,29038.89,14,9822.0,33.82,2.19,3.6,1819
PRD_1341,Cookware,Home & Living,Kitchen,East,Q1 2024,2024,28091.34,46,6077.68,21.64,2.92,3.8,854
PRD_1342,Cookware,Home & Living,Kitchen,East,Q2 2024,2024,16857.65,31,5190.42,30.79,1.38,4.2,1184
PRD_1343,Cookware,Home & Living,Kitchen,East,Q3 2024,2024,25713.52,10,8740.26,33.99,3.47,3.5,1639
PRD_1344,Cookware,Home & Living,Kitchen,East,Q4 2024,2024,34027.52,10,9866.21,28.99,2.76,4.7,1067
PRD_1345,Cookware,Home & Living,Kitchen,West,Q1 2023,2023,33175.29,8,11013.01,33.2,1.19,3.7,1893
PRD_1346,Cookware,Home & Living,Kitchen,West,Q2 2023,2023,37772.8,40,10446.35,27.66,2.88,4.0,146
PRD_1347,Cookware,Home & Living,Kitchen,West,Q3 2023,2023,32258.01,6,8639.97,26.78,2.55,3.6,1401
PRD_1348,Cookware,Home & Living,Kitchen,West,Q4 2023,2023,51660.2,17,12620.08,24.43,3.88,4.2,1173
PRD_1349,Cookware,Home & Living,Kitchen,West,Q1 2024,2024,33152.86,14,8227.28,24.82,3.21,4.0,784
PRD_1350,Cookware,Home & Living,Kitchen,West,Q2 2024,2024,44690.85,11,12939.51,28.95,2.33,4.4,456
PRD_1351,Cookware,Home & Living,Kitchen,West,Q3 2024,2024,42552.14,25,13095.93,30.78,3.48,4.4,1349
PRD_1352,Cookware,Home & Living,Kitchen,West,Q4 2024,2024,62670.86,37,17037.73,27.19,1.82,3.9,1836
PRD_1353,Cookware,Home & Living,Kitchen,Central,Q1 2023,2023,19173.43,3,5172.71,26.98,3.13,4.6,981
PRD_1354,Cookware,Home & Living,Kitchen,Central,Q2 2023,2023,14142.65,9,4078.54,28.84,1.78,3.8,450
PRD_1355,Cookware,Home & Living,Kitchen,Central,Q3 2023,2023,11532.83,8,3731.17,32.35,2.93,4.0,1843
PRD_1356,Cookware,Home & Living,Kitchen,Central,Q4 2023,2023,18854.75,5,4143.12,21.97,3.63,4.2,728
PRD_1357,Cookware,Home & Living,Kitchen,Central,Q1 2024,2024,13170.33,5,4108.84,31.2,3.89,4.2,1816
PRD_1358,Cookware,Home & Living,Kitchen,Central,Q2 2024,2024,16392.5,4,5340.38,32.58,3.22,4.1,1982
PRD_1359,Cookware,Home & Living,Kitchen,Central,Q3 2024,2024,16197.84,7,5288.07,32.65,1.21,3.5,1823
PRD_1360,Cookware,Home & Living,Kitchen,Central,Q4 2024,2024,15326.44,13,3601.54,23.5,1.79,4.7,1974
PRD_1361,Storage,Home & Living,Kitchen,North,Q1 2023,2023,24974.59,7,7350.72,29.43,3.55,4.7,1092
PRD_1362,Storage,Home & Living,Kitchen,North,Q2 2023,2023,25950.15,9,5268.09,20.3,3.21,4.3,63
PRD_1363,Storage,Home & Living,Kitchen,North,Q3 2023,2023,28224.2,19,7733.24,27.4,3.87,4.4,705
PRD_1364,Storage,Home & Living,Kitchen,North,Q4 2023,2023,47923.87,14,12425.09,25.93,2.08,4.2,685
PRD_1365,Storage,Home & Living,Kitchen,North,Q1 2024,2024,31455.42,6,8095.04,25.73,3.09,4.6,1050
PRD_1366,Storage,Home & Living,Kitchen,North,Q2 2024,2024,42931.69,17,12506.06,29.13,3.94,4.6,1218
PRD_1367,Storage,Home & Living,Kitchen,North,Q3 2024,2024,42985.49,29,13282.42,30.9,3.8,4.2,1195
PRD_1368,Storage,Home & Living,Kitchen,North,Q4 2024,2024,32297.83,16,6530.88,20.22,1.03,4.5,1479
PRD_1369,Storage,Home & Living,Kitchen,South,Q1 2023,2023,36796.23,9,9499.18,25.82,3.42,4.4,598
PRD_1370,Storage,Home & Living,Kitchen,South,Q2 2023,2023,25384.06,9,5876.14,23.15,3.76,4.7,1191
PRD_1371,Storage,Home & Living,Kitchen,South,Q3 2023,2023,42169.75,13,11130.9,26.4,1.97,3.9,394
PRD_1372,Storage,Home & Living,Kitchen,South,Q4 2023,2023,34144.01,14,8912.92,26.1,1.78,3.8,1810
PRD_1373,Storage,Home & Living,Kitchen,South,Q1 2024,2024,42459.6,9,8961.63,21.11,1.95,4.8,1473
PRD_1374,Storage,Home & Living,Kitchen,South,Q2 2024,2024,43717.74,13,10255.28,23.46,3.09,3.8,1133
PRD_1375,Storage,Home & Living,Kitchen,South,Q3 2024,2024,37398.41,8,8230.49,22.01,1.37,4.2,1954
PRD_1376,Storage,Home & Living,Kitchen,South,Q4 2024,2024,36419.46,7,10962.24,30.1,3.23,4.5,601
PRD_1377,Storage,Home & Living,Kitchen,East,Q1 2023,2023,18440.31,3,6101.27,33.09,3.09,4.5,1290
PRD_1378,Storage,Home & Living,Kitchen,East,Q2 2023,2023,18479.83,3,5359.32,29.0,3.76,4.6,725
PRD_1379,Storage,Home & Living,Kitchen,East,Q3 2023,2023,23821.72,18,4939.65,20.74,3.69,4.5,1748
PRD_1380,Storage,Home & Living,Kitchen,East,Q4 2023,2023,17957.97,16,5407.28,30.11,3.34,3.7,133
PRD_1381,Storage,Home & Living,Kitchen,East,Q1 2024,2024,19542.02,5,4010.68,20.52,2.68,4.5,52
PRD_1382,Storage,Home & Living,Kitchen,East,Q2 2024,2024,18509.19,5,6246.03,33.75,1.43,4.8,1952
PRD_1383,Storage,Home & Living,Kitchen,East,Q3 2024,2024,24074.2,13,8179.4,33.98,3.01,3.7,668
PRD_1384,Storage,Home & Living,Kitchen,East,Q4 2024,2024,29362.25,10,8248.41,28.09,2.88,4.7,936
PRD_1385,Storage,Home & Living,Kitchen,West,Q1 2023,2023,36741.73,15,12686.38,34.53,2.09,4.5,79
PRD_1386,Storage,Home & Living,Kitchen,West,Q2 2023,2023,46205.11,12,12835.65,27.78,1.71,3.5,1881
PRD_1387,Storage,Home & Living,Kitchen,West,Q3 2023,2023,31975.53,9,7843.06,24.53,1.83,3.8,786
PRD_1388,Storage,Home & Living,Kitchen,West,Q4 2023,2023,34796.9,51,10155.78,29.19,2.68,4.7,1906
PRD_1389,Storage,Home & Living,Kitchen,West,Q1 2024,2024,52410.33,13,12421.98,23.7,2.95,4.5,816
PRD_1390,Storage,Home & Living,Kitchen,West,Q2 2024,2024,35794.35,22,9792.72,27.36,3.51,4.6,920
PRD_1391,Storage,Home & Living,Kitchen,West,Q3 2024,2024,44252.18,22,13159.47,29.74,1.9,3.9,1880
PRD_1392,Storage,Home & Living,Kitchen,West,Q4 2024,2024,58474.55,43,18512.9,31.66,2.88,4.7,1829
PRD_1393,Storage,Home & Living,Kitchen,Central,Q1 2023,2023,12679.09,6,3201.05,25.25,3.09,4.5,733
PRD_1394,Storage,Home & Living,Kitchen,Central,Q2 2023,2023,15408.92,6,4004.15,25.99,3.84,4.5,1638
PRD_1395,Storage,Home & Living,Kitchen,Central,Q3 2023,2023,13593.83,18,4752.3,34.96,1.32,4.5,447
PRD_1396,Storage,Home & Living,Kitchen,Central,Q4 2023,2023,15140.4,21,4693.8,31.0,1.81,4.2,1983
PRD_1397,Storage,Home & Living,Kitchen,Central,Q1 2024,2024,14599.2,5,5004.42,34.28,1.32,4.5,1117
PRD_1398,Storage,Home & Living,Kitchen,Central,Q2 2024,2024,21129.12,7,5167.56,24.46,3.24,4.6,147
PRD_1399,Storage,Home & Living,Kitchen,Central,Q3 2024,2024,16093.94,5,5051.55,31.39,2.67,4.7,1977
PRD_1400,Storage,Home & Living,Kitchen,Central,Q4 2024,2024,23860.41,32,8269.87,34.66,1.75,3.9,433
PRD_1401,Dining,Home & Living,Kitchen,North,Q1 2023,2023,32502.28,14,10249.91,31.54,2.0,3.7,1462
PRD_1402,Dining,Home & Living,Kitchen,North,Q2 2023,2023,32029.14,7,7225.39,22.56,2.46,3.7,1751
PRD_1403,Dining,Home & Living,Kitchen,North,Q3 2023,2023,33833.45,9,10265.56,30.34,1.27,3.7,1788
PRD_1404,Dining,Home & Living,Kitchen,North,Q4 2023,2023,34501.38,16,7601.74,22.03,2.52,3.8,685
PRD_1405,Dining,Home & Living,Kitchen,North,Q1 2024,2024,28123.13,9,6395.98,22.74,1.69,4.1,260
PRD_1406,Dining,Home & Living,Kitchen,North,Q2 2024,2024,43384.67,49,9357.95,21.57,3.71,4.7,556
PRD_1407,Dining,Home & Living,Kitchen,North,Q3 2024,2024,36401.54,8,7919.27,21.76,2.2,3.8,585
PRD_1408,Dining,Home & Living,Kitchen,North,Q4 2024,2024,52357.52,12,14366.53,27.44,3.62,3.7,1338
PRD_1409,Dining,Home & Living,Kitchen,South,Q1 2023,2023,36874.2,52,7899.68,21.42,1.81,4.7,314
PRD_1410,Dining,Home & Living,Kitchen,South,Q2 2023,2023,28618.31,8,6729.31,23.51,2.93,4.8,959
PRD_1411,Dining,Home & Living,Kitchen,South,Q3 2023,2023,30434.75,17,7027.35,23.09,1.84,3.7,1048
PRD_1412,Dining,Home & Living,Kitchen,South,Q4 2023,2023,44390.6,15,14649.82,33.0,2.14,3.7,1538
PRD_1413,Dining,Home & Living,Kitchen,South,Q1 2024,2024,27026.22,6,6070.99,22.46,2.01,4.0,1326
PRD_1414,Dining,Home & Living,Kitchen,South,Q2 2024,2024,34226.41,7,11380.51,33.25,1.45,4.6,159
PRD_1415,Dining,Home & Living,Kitchen,South,Q3 2024,2024,32428.85,9,11239.9,34.66,1.33,3.8,663
PRD_1416,Dining,Home & Living,Kitchen,South,Q4 2024,2024,42906.22,17,11668.11,27.19,1.11,4.6,1901
PRD_1417,Dining,Home & Living,Kitchen,East,Q1 2023,2023,22205.86,12,4740.5,21.35,1.77,4.7,845
PRD_1418,Dining,Home & Living,Kitchen,East,Q2 2023,2023,24456.3,8,7842.56,32.07,2.79,3.6,268
PRD_1419,Dining,Home & Living,Kitchen,East,Q3 2023,2023,24326.7,7,7021.97,28.87,3.47,3.8,347
PRD_1420,Dining,Home & Living,Kitchen,East,Q4 2023,2023,23923.42,13,7943.31,33.2,3.32,3.6,1457
PRD_1421,Dining,Home & Living,Kitchen,East,Q1 2024,2024,18241.45,4,5440.65,29.83,2.17,3.8,62
PRD_1422,Dining,Home & Living,Kitchen,East,Q2 2024,2024,24286.14,23,7948.41,32.73,2.48,4.2,1029
PRD_1423,Dining,Home & Living,Kitchen,East,Q3 2024,2024,17591.82,23,4616.04,26.24,1.63,3.6,1505
PRD_1424,Dining,Home & Living,Kitchen,East,Q4 2024,2024,24047.53,7,5192.95,21.59,3.56,3.6,1494
PRD_1425,Dining,Home & Living,Kitchen,West,Q1 2023,2023,28698.38,10,7861.35,27.39,2.9,4.1,214
PRD_1426,Dining,Home & Living,Kitchen,West,Q2 2023,2023,36721.68,16,9437.18,25.7,3.15,3.6,1140
PRD_1427,Dining,Home & Living,Kitchen,West,Q3 2023,2023,44627.94,10,13100.26,29.35,2.57,4.0,1977
PRD_1428,Dining,Home & Living,Kitchen,West,Q4 2023,2023,49102.92,37,14981.36,30.51,1.09,4.1,519
PRD_1429,Dining,Home & Living,Kitchen,West,Q1 2024,2024,47575.57,13,15761.45,33.13,2.54,4.6,207
PRD_1430,Dining,Home & Living,Kitchen,West,Q2 2024,2024,50578.14,83,11254.79,22.25,1.25,4.2,1077
PRD_1431,Dining,Home & Living,Kitchen,West,Q3 2024,2024,43175.69,42,13528.13,31.33,1.9,3.8,819
PRD_1432,Dining,Home & Living,Kitchen,West,Q4 2024,2024,41364.41,17,13192.81,31.89,1.07,4.4,1999
PRD_1433,Dining,Home & Living,Kitchen,Central,Q1 2023,2023,15633.83,12,3142.1,20.1,1.29,3.7,913
PRD_1434,Dining,Home & Living,Kitchen,Central,Q2 2023,2023,11022.97,2,2306.98,20.93,2.95,4.0,1934
PRD_1435,Dining,Home & Living,Kitchen,Central,Q3 2023,2023,14556.23,7,4494.62,30.88,1.17,4.2,878
PRD_1436,Dining,Home & Living,Kitchen,Central,Q4 2023,2023,23028.88,14,7912.33,34.36,2.01,4.2,1695
PRD_1437,Dining,Home & Living,Kitchen,Central,Q1 2024,2024,22650.48,6,6622.97,29.24,1.8,4.2,1088
PRD_1438,Dining,Home & Living,Kitchen,Central,Q2 2024,2024,16057.73,8,4079.27,25.4,3.68,4.6,1816
PRD_1439,Dining,Home & Living,Kitchen,Central,Q3 2024,2024,18716.1,4,5117.81,27.34,3.51,4.5,1124
PRD_1440,Dining,Home & Living,Kitchen,Central,Q4 2024,2024,25180.39,14,5059.87,20.09,3.95,3.8,1980
